1575 2470
669 619 942 661 CAPITVLA

254 738 270 773 Ἰ
298 736 386 781 Quo
415 737 538 772 modo
565 745 706 780 agrum
734 735 811 770 emi
841 736 1051 781 pararique
1078 740 1260 782 oporteat

240 791 270 827 11
296 790 422 826 Patris
446 789 622 825 familiae
648 788 780 824 officia

218 844 265 880 111
292 844 535 880 Auctionem
562 843 618 878 uti
643 842 762 878 faciat

202 897 267 933 1111
293 897 424 933 Prima
451 895 727 932 adulescentia
754 906 895 941 agrum
923 906 1135 933 conserere
1162 902 1347 943 oportere
1511 910 1528 935 5

232 951 266 986 V
291 950 437 986 Villam
464 949 651 985 rusticam
680 949 734 984 uti
762 950 1017 985 aedificatam
1044 950 1193 986 habeat

214 1004 265 1040 VI
292 1003 451 1039 Bubilia
478 1003 533 1038 uti
559 1003 665 1038 bene
692 1003 906 1038 aedificata
931 1003 1084 1039 habeas

194 1057 262 1093 VII
287 1057 405 1093 Vilici
431 1057 564 1092 officia

175 1111 262 1147 VIII
288 1111 441 1156 Agrum
469 1110 614 1155 quibus
641 1110 740 1146 locis
768 1119 956 1146 conseras

154 1164 259 1200 VIIII
286 1164 347 1200 De
372 1164 497 1199 fundo
525 1164 756 1199 suburbano
1490 1175 1524 1202 10

219 1218 396 1254 XFicos
423 1227 503 1262 quo
530 1218 620 1253 loco
648 1227 757 1253 seras

204 1271 255 1307 XI
281 1271 428 1307 Salicta
455 1269 554 1306 locis
581 1271 745 1316 aquosis

185 1324 253 1361 XII
279 1323 369 1364 Quo
386 1325 507 1360 modo
523 1323 731 1369 ole<t>um
745 1325 831 1370 agri
845 1323 1061 1370 iug.CCXL
1076 1325 1270 1360 instruere
1285 1328 1467 1370 oporteat

164 1377 252 1414 XIII
278 1377 368 1418 Quo
396 1378 518 1413 modo
548 1376 750 1423 (vineae)
778 1378 858 1423 iug.
887 1377 915 1414 C
942 1378 1136 1414 instruere
1164 1382 1348 1423 oporteat

152 1431 256 1467 XIIII
279 1430 369 1471 Quo
415 1432 537 1467 modo
576 1441 675 1467 vasa
718 1433 872 1468 torcula
914 1431 1092 1476 quinque
1137 1432 1232 1477 iuga
1271 1432 1465 1468 instruere
1487 1442 1521 1469 15

331 1487 515 1530 oporteat

182 1538 253 1574 XV
280 1538 369 1579 Quo
403 1539 526 1574 modo
558 1539 815 1574 torcularium
850 1541 887 1574 et
926 1539 1069 1574 cellam
1100 1538 1292 1574 oleariam
1326 1549 1466 1583 parare

331 1594 514 1637 oporteat

165 1646 254 1681 XVI
280 1646 323 1681 In
351 1645 452 1681 cella
479 1645 630 1681 olearia
657 1655 761 1690 quae
787 1655 891 1690 opus
917 1646 995 1682 sint

149 1699 255 1735 XVII
280 1699 426 1734 Villam
454 1699 749 1734 aedificandam
775 1698 906 1744 si[cut]
934 1700 1087 1735 locabis
1482 1708 1517 1735 20

135 1752 257 1788 XVIII
282 1752 344 1788 De
370 1752 555 1788 maceriis
581 1752 846 1788 aedificandis

114 1805 257 1841 XVIIII
284 1805 445 1842 Calcem
471 1805 658 1850 partiario
684 1805 899 1842 locandam

165 1894 180 1925 1
209 1893 295 1926 Sine
313 1894 556 1934 inscriptione
577 1892 702 1932 (Marci
723 1892 873 1925 Catonis
893 1893 1001 1932 prisci
1022 1893 1068 1924 de
1088 1901 1124 1925 re
1146 1893 1279 1924 rustica
1298 1893 1378 1924 libri
1401 1902 1459 1925 ca-

116 1942 191 1980 pita
203 1937 250 1981 V)
284 1938 289 1979 1
322 1939 504 1973 Numeros
531 1942 781 1980 capitulorum
804 1950 875 1972 om.
897 1949 917 1971 c
938 1942 973 1972 et
991 1940 1077 1972 Vici.
1098 1941 1186 1972 add.
1201 1939 1269 1972 VA
1312 1938 1322 1980 ΙΙ
1366 1940 1387 1972 3
1409 1937 1459 1971 fa-

115 1988 237 2020 miliae
264 1985 435 2026 (familias
460 1987 493 2020 V
518 1988 679 2020 familiae
705 1997 837 2028 apoyr.
865 1989 901 2019 et
930 1985 1032 2026 Vict.)
1070 1984 1080 2027 ΙΙ
1118 1987 1139 2018 8
1165 1986 1272 2019 Vilici
1299 1987 1331 2018 A
1357 1987 1458 2019 Villi-

112 2037 146 2067 ci
172 2035 204 2067 V
223 2032 234 2075 11
268 2035 310 2067 13
336 2036 425 2067 add.
455 2035 540 2067 Vict.
561 2036 570 2074 11
605 2036 647 2067 14
674 2033 757 2072 Quo
784 2036 858 2074 iug.
885 2034 942 2066 CC
968 2035 1156 2067 instituere
1183 2037 1352 2073 oporteat
1377 2035 1456 2067 Pol.

112 2085 150 2115 et
174 2083 324 2122 Astnisi
348 2084 450 2122 quod
475 2083 650 2116 instruere
675 2083 708 2115 A
744 2082 941 2119 Quomodo
968 2083 1101 2114 uineae
1127 2083 1201 2122 iug.
1229 2081 1256 2114 C
1283 2083 1458 2114 instruere

110 2134 280 2169 oporteat
299 2131 399 2162 rubr.
420 2139 502 2169 cap.
523 2131 589 2168 XI:
615 2133 701 2162 item
723 2131 796 2162 nisi
815 2130 916 2170 qnod
936 2130 1123 2162 instituere
1148 2130 1234 2162 Vici.
1254 2127 1265 2169 ΙΙ
1288 2129 1329 2161 15
1357 2129 1457 2165 Quo-

113 2178 223 2213 modo
255 2186 346 2209 uasa
376 2177 513 2210 torcula
545 2179 707 2218 quinque
734 2179 820 2217 iuga
848 2178 1024 2209 instruere
1051 2179 1218 2216 oporteat
1243 2177 1276 2208 A
1303 2179 1341 2209 et
1370 2177 1455 2211 Vici.

108 2233 182 2256 om.
201 2222 286 2264 Vel!
309 2225 351 2256 19
377 2233 471 2264 opus
498 2226 570 2257 sint
595 2223 705 2264 (opus
732 2228 816 2256 sunt
835 2224 915 2256 Pol.
937 2233 956 2256 c
989 2233 1083 2264 opus
1109 2225 1183 2256 sint
1202 2224 1234 2256 A
1255 2226 1293 2256 et
1315 2222 1417 2263 vict.)

110 2271 156 2302 20
181 2273 211 2304 si
237 2273 378 2305 locabis
409 2272 495 2305 Viet.
521 2273 614 2313 sicut
641 2273 779 2304 locabis
806 2272 883 2303 Pol.
911 2273 940 2303 si
969 2272 1145 2304 atlocabis
1172 2271 1202 2303 A
1230 2281 1300 2303 om.
1329 2280 1348 2302 c
