1618 2470
497 107 556 142 De
583 106 666 151 agri
696 106 847 141 cultura
876 116 906 141 c.
928 106 1068 140 76—85
1405 110 1460 149 43

155 215 327 250 Erneum
372 213 429 249 sic
473 213 592 249 facito
637 216 843 257 tamquam
876 213 1114 257 placentam.
1167 212 1312 248 eadem
1363 210 1534 256 [LXXXI

108 267 245 304 omnia
271 267 410 308 indito,
437 276 542 312 quae
569 266 609 301 in
641 266 882 311 placentam.
927 265 967 300 id
994 265 1236 311 permisceto
1263 264 1303 300 in
1330 265 1460 304 alveo,

106 322 147 357 id
174 321 300 357 indito
327 320 366 356 in
394 320 546 355 irneam
578 319 754 361 fictilem,
789 329 878 354 eam
906 318 1105 354 demittito
1138 318 1177 354 in
1205 318 1339 354 aulam
1367 318 1462 353 ahe-

107 384 227 411 neam
258 383 389 420 aquae
425 373 581 409 calidae
607 373 782 418 plenam.
833 372 888 408 ita
915 372 1077 417 coquito
1115 373 1166 407 ad
1193 372 1342 417 ignem.
1394 372 1460 406 ubi

107 429 266 464 coctum
293 427 376 469 erit,
403 427 556 462 irneam
584 425 837 471 confringito,
865 426 919 461 ita
945 425 1096 471 ponito.
1499 432 1517 458 5

153 480 376 526 Spaeritam
398 480 455 516 sic
480 479 612 522 facito,
634 479 687 515 ita
714 479 770 515 uti
791 479 950 524 spiram,
977 479 1053 514 nisi
1080 479 1137 515 sic
1164 479 1317 524 fingito.
1346 477 1531 523 [LXXXII

107 535 158 570 de
190 534 324 570 tractis
357 543 478 569 caseo
515 533 634 569 melle
666 542 830 578 spaeras
862 542 1045 578 pugnum
1082 533 1182 568 altas
1208 532 1340 568 facito.
1392 541 1461 567 eas

106 588 145 623 in
178 587 266 623 solo
300 586 519 632 conponito
554 587 718 627 densas,
747 587 893 622 eodem
927 586 1049 622 modo
1083 585 1304 631 conponito
1340 587 1461 630 atque

105 641 255 686 spiram
283 640 462 686 itemque
489 639 663 685 coquito.

152 694 301 730 Votum
327 703 398 739 pro
431 693 574 734 bubus,
608 692 662 728 uti
690 692 869 732 valeant,
896 692 953 727 sic
979 692 1111 727 facito.
1162 691 1287 733 Marti,
1329 690 1533 736 [LXXXIII

106 747 271 784 Silvano
304 747 344 782 in
377 747 478 782 silva
510 746 703 782 interdius
736 746 775 780 in
809 745 941 790 capita
974 745 1133 790 singula
1168 746 1292 780 boum
1319 747 1458 781 votum
1482 753 1511 779 ιι

105 800 236 837 facito.
286 800 397 836 farris
423 807 457 836 L.
480 808 521 835 111
549 802 588 835 et
620 799 718 834 lardi
747 806 780 834 P.
802 807 858 833 1111
887 805 908 834 s
936 801 975 834 et
1000 799 1149 844 pulpae
1177 806 1210 834 P.
1232 806 1288 833 1111
1317 805 1349 840 s,
1377 798 1458 833 vini

106 861 139 890 S.
160 862 219 896 111,
247 853 287 889 id
313 853 353 889 in
382 852 565 898 <un>um
591 863 664 888 vas
698 852 816 888 lIceto
851 852 1025 893 coicere,
1060 855 1098 888 et
1123 851 1264 887 vinum
1296 851 1392 887 item
1420 852 1459 887 in

105 917 229 943 unum
255 917 327 943 vas
354 907 474 943 liceto
502 906 670 942 coicere.
712 916 801 941 eam
823 915 907 941 rem
929 905 1107 941 divinam
1135 905 1200 940 vel
1227 914 1367 941 servus
1393 906 1459 940 vel

106 961 204 997 liber
229 961 365 996 licebit
391 960 520 996 faciat.
560 959 627 995 ubi
654 969 717 995 res
744 959 882 994 divina
907 959 1011 994 facta
1038 958 1121 999 erit,
1148 959 1281 994 statim
1308 958 1459 994 ibidem
1483 967 1517 992 ιε)

105 1014 344 1050 consumito.
396 1013 538 1049 mulier
573 1014 624 1048 ad
662 1023 751 1048 eam
787 1022 871 1048 rem
909 1012 1088 1047 divinam
1125 1022 1176 1048 ne
1212 1012 1316 1048 adsit
1355 1022 1460 1048 neve

103 1068 240 1103 videat
275 1077 355 1113 quo
393 1067 515 1102 modo
550 1066 630 1102 fiat.
682 1066 760 1102 hoc
788 1068 929 1102 votum
960 1066 999 1101 in
1034 1075 1162 1101 annos
1199 1066 1398 1111 singulos,
1426 1066 1457 1101 si

102 1121 229 1162 voles,
255 1120 391 1156 licebit
416 1129 580 1156 vovere.

150 1173 344 1210 Savillum
365 1174 443 1209 hoc
464 1174 586 1209 modo
608 1173 738 1208 facito.
765 1172 917 1208 farinae
943 1173 1143 1214 selibram,
1166 1173 1274 1209 casei
1309 1172 1533 1218 [LXXXIIII

105 1235 138 1263 P.
159 1235 186 1262 11
215 1233 236 1262 S
263 1237 343 1262 una
370 1227 618 1263 conmisceto
640 1226 755 1271 quasi
776 1226 913 1267 libum,
935 1226 1067 1261 mellis
1088 1234 1121 1261 P.
1142 1229 1166 1267 ζ
1181 1230 1212 1267 j
1270 1230 1308 1262 et
1335 1236 1458 1263 ovum
1480 1234 1516 1261 20

105 1290 241 1315 unum.
285 1279 461 1316 catinum
487 1279 609 1315 fictile
636 1279 728 1315 oleo
751 1279 933 1325 unguito.
979 1279 1046 1315 ubi
1068 1280 1204 1315 omnia
1231 1280 1337 1316 bene
1364 1289 1457 1316 con-

104 1333 325 1375 miscueris,
346 1333 386 1368 in
414 1333 589 1369 catinum
617 1333 755 1374 indito,
784 1333 961 1368 catinum
982 1335 1086 1369 testo
1114 1333 1280 1378 operito.
1320 1333 1457 1369 videto

103 1389 146 1422 ut
170 1387 277 1422 bene
304 1396 497 1432 percocas
524 1386 715 1428 medium,
736 1386 804 1422 ubi
832 1386 1070 1422 altissimum
1093 1390 1162 1422 est.
1209 1387 1276 1423 ubi
1298 1389 1457 1423 coctum

103 1439 186 1481 erit,
213 1440 389 1476 catinum
417 1440 593 1481 eximito,
620 1440 742 1476 melle
774 1440 955 1485 unguito,
982 1450 1161 1485 papaver
1187 1440 1355 1481 initiato,
1382 1442 1456 1476 sub

102 1495 249 1529 testum
276 1493 406 1529 subde
431 1493 646 1538 paulisper,
667 1496 810 1538 postea
837 1493 1014 1529 eximito.
1059 1493 1113 1529 ita
1139 1503 1247 1539 pone
1275 1504 1365 1530 cum
1394 1504 1456 1530 ca·
1478 1502 1512 1529 25

103 1546 188 1582 tillo
216 1549 255 1582 et
280 1545 498 1592 lingula[s].

150 1599 306 1636 Pultem
344 1600 537 1636 Punicam
577 1600 634 1636 sic
668 1600 842 1646 coquito.
900 1600 1040 1636 libram
1080 1600 1208 1636 alicae
1248 1601 1286 1636 in
1339 1600 1531 1646 [LXXXV

102 1663 250 1698 aquam
287 1653 432 1695 indito,
471 1653 590 1689 facito
636 1653 691 1689 uti
730 1654 836 1690 bene
875 1654 1048 1690 madeat.
1099 1654 1139 1689 id
1179 1654 1376 1690 infundito
1416 1654 1454 1690 in

103 1706 265 1742 alveum
297 1717 452 1752 purum,
479 1717 529 1743 eo
557 1707 664 1743 casei
691 1707 863 1743 recentis
897 1714 931 1743 P.
959 1715 1013 1748 111,
1048 1707 1178 1743 mellis
1210 1715 1244 1743 P.
1272 1714 1305 1749 s,
1333 1718 1454 1744 ovum

153 1828 168 1859 1
197 1827 237 1859 R.
263 1827 423 1860 LXXXX
438 1828 593 1861 Emeum
609 1830 663 1861 sic
683 1829 793 1861 facito
817 1828 821 1868 Ι
844 1830 897 1862 sic
917 1830 1027 1861 facito
1043 1839 1086 1862 ex
1100 1831 1200 1862 rubr.
1219 1840 1290 1870 pro
1311 1831 1457 1863 tradIto

104 1875 311 1912 placentum
337 1876 418 1908 Keil
441 1873 453 1915 ΙΙ
478 1876 499 1908 3
526 1877 563 1908 id
589 1886 722 1917 apoyr.
750 1886 821 1909 om.
843 1877 873 1909 V
899 1874 910 1916 ΙΙ
936 1877 957 1908 6
984 1877 1024 1908 R.
1052 1877 1226 1909 LXXXXI
1253 1877 1454 1916 Spaeritam

102 1922 156 1954 sic
170 1922 279 1955 facito
299 1919 310 1962 ΙΙ
331 1922 350 1954 7
377 1932 503 1962 speras
523 1924 597 1955 Am
624 1925 800 1962 sphaeras
819 1924 852 1956 V
878 1924 1030 1963 spheras
1050 1925 1073 1956 b
1094 1922 1105 1964 ΙΙ
1124 1924 1145 1956 8
1172 1925 1293 1964 adque
1312 1922 1323 1964 ΙΙ
1346 1925 1390 1957 10
1416 1925 1455 1957 R.

102 1969 293 2001 LXXXXII
307 1970 440 2002 Votum
468 1980 532 2010 pro
559 1972 679 2003 bubus
711 1969 716 2010 Ι
751 1972 801 2003 uti
822 1971 855 2003 A
876 1971 960 2004 utV
980 1974 1017 2004 et
1043 1981 1175 2011 apoyr.
1203 1981 1272 2005 rec.
1305 1969 1315 2011 ΙΙ
1351 1972 1392 2005 13
1420 1973 1456 2004 id

104 2018 142 2048 in
180 2025 292 2049 unum
330 2025 395 2049 vas
434 2027 467 2049 m
505 2019 644 2050 idinum
685 2028 751 2051 uas
810 2016 815 2059 Ι
867 2020 952 2051 item
1003 2019 1089 2051 Vict.
1134 2020 1230 2052 idem
1281 2016 1291 2059 ΙΙ
1344 2019 1385 2052 17
1425 2022 1455 2052 si

102 2063 205 2096 voles
242 2064 315 2096 luc.
354 2064 458 2097 uoles
493 2066 523 2097 si
566 2063 578 2106 Η
624 2065 666 2097 19
702 2065 742 2098 R.
768 2065 974 2098 LXXXXIII
1008 2065 1183 2099 Sauillum
1216 2068 1269 2099 sic
1308 2067 1418 2099 tacito
1444 2063 1456 2107 {25

103 2110 149 2142 20
175 2107 360 2153 <addito>
387 2112 504 2144 mellis
538 2113 639 2152 Keil,·
677 2114 722 2153 cf.
754 2114 897 2146 Hauler
919 2123 957 2153 ρ.
980 2118 1019 2145 17
1069 2110 1081 2153 ΙΙ
1130 2114 1174 2146 22
1201 2117 1295 2147 testo
1322 2123 1456 2155 apogr.

104 2161 202 2190 texto
227 2158 261 2192 V
287 2160 325 2191 in
357 2161 526 2199 maryine
558 2162 692 2193 veteris
725 2162 863 2193 codicis
895 2162 1127 2201 adscriptum
1154 2164 1256 2194 erat:
1288 2161 1369 2194 Huc
1394 2171 1453 2193 us-

103 2214 176 2244 que
208 2206 254 2238 de
287 2207 431 2238 duobus
458 2208 653 2240 emendaui
680 2208 765 2240 hinc
791 2209 838 2240 de
864 2217 938 2240 uno
974 2209 1198 2248 exemplario
1225 2212 1363 2241 tantum
1390 2207 1456 2248 (cs-

99 2251 238 2293 praef.)
281 2250 293 2293 ΙΙ
335 2253 380 2285 26
407 2255 477 2286 del.
504 2254 584 2286 Keil
612 2255 760 2295 lingulis
786 2256 858 2288 luc.
890 2253 902 2295 ΙΙ
933 2255 977 2287 27
1005 2255 1045 2288 R.
1065 2255 1288 2288 LXXXXIllI
1313 2256 1454 2288 Pultem

105 2301 273 2337 punicam
300 2302 353 2333 sic
380 2301 489 2333 facito
536 2300 540 2340 Ι
584 2302 700 2335 alicae
726 2312 749 2334 v
775 2303 896 2343 aligae
940 2300 950 2342 Η
994 2302 1038 2334 28
1065 2305 1113 2335 uti
1142 2313 1274 2344 apoyr.
1302 2306 1339 2336 et
1367 2303 1456 2335 vict.

103 2350 141 2378 ut
166 2347 199 2379 V
228 2345 240 2387 ΙΙ
271 2348 316 2379 29
343 2357 387 2380 eo
416 2344 598 2389 (addito)
625 2350 724 2387 Keil,·
750 2351 795 2389 ef.
823 2352 873 2382 ad
900 2351 945 2381 20
