1618 2470
142 95 197 133 32
736 89 898 126 Catonis

86 196 108 230 3
133 195 233 231 liber
258 197 471 241 frangatur.
523 197 590 231 ubi
619 197 659 232 id
689 197 842 237 feceris,
870 198 1074 233 surculum
1101 200 1361 242 praeacutum
1388 198 1491 234 inter

133 249 276 284 librum
305 252 343 285 et
369 250 532 295 stirpem
560 250 676 285 artito
709 250 894 295 primoris
922 251 1070 296 digitos
1098 259 1136 287 11.
1188 254 1329 297 postea
1356 251 1489 297 capito

132 303 202 338 tibi
229 303 449 343 surculum,
477 304 587 348 quod
619 313 750 348 genus
785 304 962 339 inserere
988 305 1120 346 voles,
1148 314 1240 340 eum
1273 305 1490 350 primorem

132 357 364 401 praeacuito
392 356 569 392 oblicum
602 357 786 402 primoris
814 357 964 402 digitos
991 365 1029 392 11.
1081 358 1283 393 surculum
1320 359 1488 399 aridum,

77 418 94 443 5
132 419 253 454 quern
279 410 471 450 artiveris,
500 410 678 451 eximito,
707 420 756 446 eo
783 411 898 447 artito
926 411 1142 452 surculum,
1164 421 1284 456 quem
1310 411 1488 448 inserere

130 463 256 499 voles.
302 463 445 498 librum
474 464 525 498 ad
551 464 695 499 librum
722 474 885 500 vorsum
912 464 1044 505 facito,
1072 465 1187 500 artito
1214 474 1343 510 usque
1368 465 1486 505 adeo,

131 527 211 562 quo
237 517 505 561 praeacueris.
543 517 651 552 idem
679 518 847 552 alterum
875 518 1089 559 surculum,
1110 518 1281 558 tertium,
1303 520 1486 563 quartum

82 570 103 603 4
130 570 267 606 facito:
296 572 393 615 quot
419 580 569 615 genera
590 571 716 612 voles,
739 573 797 606 tot
818 571 960 607 indito.
999 572 1165 607 salicem
1188 570 1383 607 Graecam
1403 581 1486 607 am-

129 623 233 668 plius
261 624 548 669 circumligato,
576 624 659 660 luto
694 623 911 669 de[m]psto
944 625 1108 669 stirpem
1141 625 1309 660 oblinito
1337 625 1486 670 digitos

79 683 111 710 ιο
131 686 308 712 crassum
335 679 425 712 tres.
471 677 634 722 insuper
660 677 799 722 lingua
826 678 977 713 bubula
1004 678 1199 723 obtegito,
1226 678 1258 713 si
1285 678 1407 723 pluat,
1433 687 1486 713 ne

129 740 234 775 aqua
260 730 300 765 in
327 731 470 766 librum
498 733 718 775 permanet.
765 740 855 766 earn
876 730 1057 776 linguam
1084 730 1248 775 insuper
1274 731 1374 766 libro
1401 730 1484 766 alli-

128 786 235 828 gato,
263 793 314 819 ne
342 785 469 819 cadat.
521 786 663 829 postea
689 784 918 819 stramentis
951 784 1197 820 circumdato
1224 783 1485 829 alligatoque,

132 846 184 872 ne
209 837 327 881 gelus
353 839 511 872 noceat.

57 889 153 931 XLI]
204 890 306 925 Vitis
339 890 473 926 insitio
501 901 580 926 una
609 892 667 926 est
694 900 764 936 per
790 900 871 932 ver,
898 891 1022 926 altera
1049 892 1108 925 est
1135 900 1225 925 cum
1253 900 1332 925 uva
1357 891 1484 931 floret,

74 951 107 976 15
128 952 176 978 ea
197 946 362 988 optuma
384 946 454 979 est.
492 944 667 988 pirorum
695 954 741 979 ac
769 945 965 980 malorum
992 944 1127 979 insitio
1155 953 1225 988 per
1250 953 1321 979 ver
1348 947 1386 979 et
1411 954 1484 990 per

126 996 339 1031 solstitium
368 998 454 1033 dies
481 1005 504 1031 L
532 1000 570 1033 et
597 1007 667 1042 per
699 997 959 1033 vindemiam.
1010 997 1128 1032 oleae
1167 1000 1205 1032 et
1230 997 1397 1032 ficorum
1424 997 1483 1032 in-

79 1050 100 1084 2
127 1050 218 1085 sitio
253 1053 311 1085 est
344 1060 415 1095 per
440 1060 521 1086 ver.
573 1052 696 1086 vitem
730 1051 786 1086 sic
813 1051 994 1086 inserito:
1028 1050 1249 1095 praecidito
1277 1060 1397 1095 quam
1424 1050 1482 1086 in-

126 1112 246 1144 seres,
280 1113 369 1138 eam
403 1104 579 1139 mediam
614 1104 812 1140 diffindito
846 1113 916 1149 per
951 1104 1189 1139 medullam:
1224 1114 1272 1139 eo
1299 1104 1481 1140 surculos

124 1160 364 1201 praeacutos
400 1157 532 1193 artito:
573 1167 674 1202 quos
710 1157 875 1197 inseres,
914 1157 1134 1193 medullam
1174 1167 1265 1192 cum
1303 1157 1482 1193 medulla

71 1217 106 1244 20
126 1211 357 1255 conponito.
384 1211 508 1246 altera
528 1211 662 1247 insitio
685 1213 760 1246 est:
783 1210 814 1246 si
836 1210 926 1246 vitis
947 1210 1071 1245 vitem
1093 1210 1318 1255 continget,
1340 1210 1482 1246 utrius-

124 1272 203 1307 que
223 1263 346 1299 vitem
373 1266 554 1299 teneram
575 1264 819 1309 praeacuito,
841 1264 1006 1308 obliquo
1027 1263 1129 1298 inter
1149 1273 1240 1298 sese
1261 1264 1480 1299 medullam

75 1315 98 1351 3
125 1326 215 1351 cum
243 1317 422 1352 medulla
448 1317 548 1353 libro
577 1317 793 1362 conligato.
833 1317 947 1352 tertia
975 1317 1109 1352 insitio
1138 1320 1213 1352 est:
1240 1317 1397 1352 terebra
1423 1318 1481 1351 vi-

122 1372 204 1405 tem
232 1380 351 1415 quam
379 1371 531 1406 inseres
558 1371 805 1416 pertundito,
834 1380 883 1405 eo
911 1371 1015 1406 duos
1041 1371 1223 1405 surculos
1249 1371 1479 1415 vitigineos‚

123 1424 231 1468 quod
258 1433 389 1470 genus
417 1434 507 1459 esse
526 1425 659 1465 voles,
686 1424 863 1459 insectos
890 1424 1078 1468 obliquos
1104 1424 1219 1459 artito
1247 1424 1298 1458 ad
1325 1424 1479 1459 medul-

68 1484 104 1511 25
123 1477 220 1512 lam:
247 1477 366 1513 facito
394 1477 440 1512 iis
468 1478 687 1513 medullam
716 1487 807 1513 cum
828 1477 1005 1512 medulla
1029 1477 1254 1522 coniungas
1281 1477 1479 1522 artitoque

74 1529 98 1564 4
125 1539 174 1565 ea
200 1540 279 1575 qua
304 1531 569 1566 terebraveris
602 1532 769 1566 alterum
798 1540 847 1566 ex
874 1531 998 1565 altera
1024 1533 1146 1575 parte.
1199 1540 1270 1566 eos
1297 1531 1478 1566 surculos

123 1583 242 1619 facito
271 1584 349 1619 sint
379 1584 491 1629 longi
524 1585 651 1629 pedes
684 1584 818 1625 binos,
847 1593 918 1619 eos
950 1584 990 1618 in
1022 1586 1166 1619 terram
1194 1583 1392 1619 demittito
1418 1594 1478 1619 re-

124 1636 354 1682 plicatoque
389 1638 440 1672 ad
466 1637 558 1672 vitis
595 1641 725 1682 caput,
761 1637 917 1672 medias
952 1636 1044 1672 vitis
1079 1636 1222 1672 vinclis
1258 1637 1298 1672 in
1333 1639 1477 1672 terram

124 1690 291 1736 deligito
318 1693 502 1735 terraque
529 1691 695 1735 operito.
734 1691 836 1726 haec
857 1690 993 1726 onmia
1013 1690 1097 1725 luto
1125 1691 1268 1735 depsto
1296 1690 1477 1730 oblinito,

67 1751 102 1778 30
122 1743 286 1789 alligato
314 1744 567 1789 integitoque
593 1744 645 1779 ad
673 1744 849 1779 eundem
873 1743 1051 1784 modum,
1072 1745 1278 1787 tamquam
1306 1743 1430 1779 oleas.

49 1795 163 1842 XLII]
214 1797 331 1833 Ficos
371 1800 409 1832 et
443 1797 554 1832 oleas
593 1798 718 1832 altero
759 1797 896 1832 modo.
947 1797 1058 1841 quod
1093 1805 1223 1841 genus
1255 1799 1323 1832 aut
1354 1796 1476 1832 ficum

120 1852 187 1885 aut
214 1850 346 1886 oleam
374 1860 464 1886 esse
484 1851 610 1891 voles,
632 1851 727 1885 inde
753 1850 897 1885 librum
919 1850 1075 1894 scalpro
1103 1849 1280 1891 eximito,
1307 1850 1476 1885 alterum

119 1904 263 1939 librum
296 1913 386 1939 cum
419 1913 582 1949 gemma
618 1905 669 1939 de
703 1912 753 1939 eo
788 1904 885 1944 fico,
920 1903 1029 1948 quod
1062 1913 1193 1948 genus
1227 1912 1317 1938 esse
1348 1903 1474 1944 voles,

119 1956 296 1998 eximito,
316 1957 511 2002 adponito
533 1957 572 1992 in
594 1967 686 1992 eum
708 1957 842 1992 locum
863 1958 973 1991 unde
994 1956 1217 1992 exicaveris
1238 1957 1279 1991 in
1306 1956 1475 1992 alterum

164 2043 186 2074 4
213 2044 423 2081 praeacuito
450 2053 473 2074 v
501 2045 689 2082 proacuito
727 2041 738 2082 11
776 2044 796 2075 5
823 2044 986 2075 artiueris
1021 2052 1155 2083 apoyr.
1182 2044 1330 2074 artueris
1355 2042 1435 2074 Pol.
1462 2040 1474 2080 ll

120 2090 141 2121 8
163 2090 263 2129 quod
282 2099 419 2129 genera
437 2088 448 2130 Η
469 2090 489 2122 9
504 2092 574 2123 del.
590 2091 675 2123 vict.
695 2088 706 2129 Η
729 2091 768 2122 11
792 2091 883 2122 libro
905 2091 1014 2122 Pont.
1030 2091 1159 2121 librum
1179 2088 1190 2129 ss
1212 2090 1254 2121 14
1275 2089 1316 2122 R.
1329 2089 1471 2121 XLVffl

115 2137 242 2169 Insitio
268 2139 353 2169 uitis
380 2138 605 2177 aliarumque
637 2147 752 2170 rerum
775 2135 780 2177 Ι
805 2137 860 2177 Cf.
880 2138 975 2170 Ptin.
992 2141 1040 2175 17,
1058 2142 1207 2177 112sqq.
1234 2140 1294 2168 198
1312 2134 1323 2176 Η
1346 2136 1387 2168 15
1415 2138 1469 2175 pi-

115 2193 233 2216 rorum
272 2193 315 2216 ac
353 2185 528 2217 malorum
568 2194 701 2225 apoyr.
739 2187 776 2217 et
804 2185 890 2217 Vict.
931 2186 1087 2223 pirorum
1127 2189 1163 2216 et
1200 2185 1375 2216 malorum
1401 2183 1435 2216 V

116 2232 157 2263 21
187 2233 398 2271 praeacuito
440 2233 525 2264 Vict.
564 2233 752 2271 proacuito
794 2230 804 2271 ll
843 2233 884 2265 31
914 2231 956 2264 R.
985 2231 1141 2263 XLVIIII
1167 2231 1273 2263 Ficos
1302 2233 1338 2263 et
1366 2231 1469 2263 oleas

116 2280 188 2311 alio
218 2279 328 2311 modo
356 2278 362 2319 Ι
392 2279 447 2319 Cf.
469 2281 563 2311 Ρίἰη.
581 2284 628 2318 17,
645 2284 704 2311 119
740 2277 751 2319 Η
789 2280 833 2312 34
855 2280 1056 2312 exicaueris
1082 2288 1216 2318 apoyr.
1244 2279 1469 2311 exiccaueris

116 2327 193 2358 Pol.
221 2328 432 2359 execaueris
464 2327 549 2358 Vror.
