1618 2470
458 101 518 135 De
546 100 630 145 agri
659 100 811 135 cultura
838 109 868 134 c.
900 99 1084 134 140—144
1397 104 1455 143 59⁴

103 208 241 243 omnia
267 217 372 253 quae
399 207 437 242 in
464 207 589 242 fundo
622 206 707 241 fieri
735 208 891 250 oportet
926 215 1113 250 quaeque
1142 205 1219 240 emi
1248 205 1462 250 pararique

103 264 270 307 oportet,
310 270 390 306 quo
429 261 635 305 modoque
674 258 839 299 cibaria,
879 258 1121 294 vestimenta
1158 258 1334 293 familiae
1374 259 1456 293 dari

104 317 272 360 oportet,
295 314 438 350 eadem
461 313 515 348 uti
538 315 648 349 curet
674 312 875 357 faciatque
902 321 1051 347 moneo
1079 312 1329 356 dominoque
1350 312 1457 347 dicto

103 368 272 404 audiens
305 367 364 403 sit.
418 367 496 403 hoc
529 366 712 412 amplius,
746 375 826 410 quo
860 366 984 401 modo
1016 365 1179 401 vilicam
1213 365 1269 400 uti
1302 367 1458 410 oportet

103 424 142 457 et
162 431 242 467 quo
263 422 386 457 modo
409 430 482 456 eae
503 420 688 465 imperari
709 420 876 463 oportet,
900 419 954 454 uti
977 419 1154 454 adventu
1177 418 1331 454 domini
1352 428 1457 463 quae
1494 426 1512 452 5

103 485 205 520 opus
243 476 335 510 sunt
373 477 560 519 parentur
599 475 866 517 curenturque
905 473 1130 518 diligenter.
1181 472 1327 507 vilicae
1366 470 1529 517 [CXLIII

103 537 207 573 quae
233 530 325 563 sunt
351 526 493 567 officia,
521 528 658 562 curato
684 525 813 560 faciat.
866 525 897 560 si
927 535 1015 560 eam
1049 526 1119 561 tibi
1148 525 1304 561 dederit
1331 526 1457 561 domi-

103 591 177 617 nus
203 590 382 621 uxorem,
417 589 464 615 ea
497 583 583 615 esto
617 582 840 615 contentus.
894 589 942 615 ea
969 582 1008 615 te
1045 582 1197 615 metuat
1223 580 1355 615 facito.
1406 588 1457 613 ne

103 635 269 670 nimium
309 633 513 669 luxuriosa
552 634 637 669 siet.
694 633 849 668 vicinas
889 633 1070 678 aliasque
1110 633 1298 668 mulieres
1337 642 1457 677 quam

103 688 313 723 minimum
347 689 478 722 utatur
510 697 615 722 neve
649 688 814 722 domum
849 696 954 722 neve
981 687 1033 722 ad
1060 697 1151 722 sese
1178 686 1354 731 recipiat.
1406 686 1512 720 adm

104 751 246 776 cenam
281 750 416 785 nequo
452 743 517 775 eat
553 749 658 775 neve
695 741 934 776 ambulatrix
962 740 1048 776 siet.
1099 750 1182 775 rem
1211 740 1391 775 divinam
1417 739 1456 774 ni

102 794 221 830 faciat
253 803 358 829 neve
385 794 560 834 mandet,
588 794 655 838 qui
688 803 759 838 pro
788 804 835 829 ea
868 794 998 835 faciat,
1026 794 1180 829 iniussu
1210 792 1363 829 domini
1390 795 1457 827 aut

103 847 305 884 dominae.
357 846 457 882 scito
494 847 702 882 dominum
738 857 809 892 pro
848 850 932 883 tota
969 847 1120 883 familia
1159 857 1242 882 rem
1279 846 1457 882 divinam

102 901 245 937 facere.
296 900 447 936 munda
474 900 565 935 siet:
593 900 729 936 villam
766 911 1005 936 conversam
1032 901 1266 945 mundeque
1293 900 1458 935 habeat:
1484 898 1508 934 2

102 955 236 990 focum
274 964 417 1000 purum
458 953 769 990 circumversum
810 954 969 996 cotidie,
1009 954 1241 999 priusquam
1279 953 1458 989 cubitum
1479 960 1513 987 15

105 1009 179 1049 eat,
208 1007 367 1042 habeat.
413 1006 616 1048 Kalendis,
644 1007 790 1049 Idibus,
819 1007 957 1049 Nonis,
985 1008 1109 1044 festus
1141 1008 1227 1043 dies
1255 1017 1346 1042 cum
1374 1005 1456 1047 erit,

104 1070 294 1097 coronam
323 1061 362 1095 in
388 1061 522 1096 focum
549 1060 671 1101 indat,
693 1070 763 1106 per
784 1062 1035 1106 eosdemque
1062 1061 1149 1096 dies
1176 1061 1247 1096 lari
1274 1059 1457 1095 familiari

104 1124 175 1159 pro
197 1114 314 1159 copia
334 1114 542 1159 supplicet.
580 1114 713 1149 cibum
734 1114 805 1150 tibi
827 1117 866 1150 et
886 1115 1062 1150 familiae
1084 1117 1193 1150 curet
1215 1114 1270 1149 uti
1299 1115 1457 1149 coctum

105 1168 264 1203 habeat.
291 1167 464 1213 gallinas
484 1167 629 1203 multas
651 1170 689 1203 et
710 1178 788 1204 ova
814 1168 870 1203 uti
891 1168 1051 1203 habeat.
1072 1168 1157 1213 pira
1184 1168 1306 1208 arida,
1328 1167 1458 1207 sorba,
1483 1166 1506 1200 3

102 1221 213 1262 ficos,
241 1230 341 1256 uvas
368 1230 518 1265 passas,
546 1222 665 1256 sorba
697 1221 737 1256 in
770 1231 868 1266 sapa
895 1223 934 1257 et
966 1221 1051 1266 pira
1079 1224 1117 1257 et
1144 1231 1244 1256 uvas
1271 1221 1311 1256 in
1339 1220 1457 1256 doliis
1476 1227 1512 1254 20

105 1277 143 1309 et
175 1274 281 1309 mala
313 1272 532 1319 strut[h]ea‚
566 1284 665 1310 uvas
698 1274 737 1310 in
771 1275 939 1310 vinaciis
976 1277 1014 1310 et
1047 1275 1087 1310 in
1121 1274 1251 1310 urceis
1284 1274 1323 1310 in
1356 1276 1458 1309 terra

104 1327 266 1363 ob‘rutas
303 1330 341 1363 et
376 1336 500 1363 nuces
532 1327 813 1364 Praenestinas
849 1331 1032 1364 recentes
1068 1328 1106 1363 in
1141 1338 1262 1364 urceo
1290 1328 1330 1363 in
1356 1330 1459 1362 terra

105 1381 267 1416 obrutas
299 1381 457 1416 habeat.
510 1381 615 1416 mala
641 1379 931 1427 Scanti[ni]ana
964 1381 1004 1416 in
1038 1382 1156 1417 doliis
1184 1383 1223 1417 et
1249 1381 1328 1416 alia
1354 1390 1459 1426 quae

105 1434 225 1470 condi
251 1434 383 1470 solent
410 1437 448 1469 et
474 1433 672 1476 silvatica,
700 1435 801 1471 haec
837 1435 974 1471 omnia
1001 1435 1216 1480 quotannis
1245 1435 1460 1480 diligenter

106 1487 160 1523 uti
196 1487 358 1524 condita
394 1487 552 1523 habeat.
609 1488 776 1523 farinam
813 1489 961 1524 bonam
1004 1491 1041 1523 et
1079 1489 1136 1523 far
1174 1488 1320 1533 suptile
1359 1487 1457 1523 sciat
1477 1494 1512 1521 25

106 1541 266 1576 faceres
549 1559 551 1562 ⁴

153 1593 295 1630 Oleam
321 1594 540 1640 legendam
567 1595 644 1631 hoc
672 1596 794 1631 modo
821 1596 955 1631 locare
983 1598 1150 1640 oportet.
1193 1596 1326 1631 oleam
1364 1592 1527 1639 [CXLIV

106 1648 241 1694 cogito
267 1651 374 1685 recte
401 1659 564 1685 omnem
592 1650 779 1685 arbitratu
808 1650 978 1691 domini,
1005 1653 1073 1684 aut
1099 1659 1220 1694 quem
1248 1649 1457 1684 custodem

104 1701 252 1743 fecerit,
280 1704 348 1737 aut
374 1702 437 1738 cui
465 1702 557 1738 olea
577 1702 757 1738 venierit.
797 1703 929 1739 oleam
958 1712 1009 1738 ne
1036 1702 1220 1748 stringito
1248 1711 1352 1738 neve
1373 1710 1458 1740 ver—

106 1755 244 1791 berato
277 1755 429 1791 iniussu
464 1755 617 1792 domini
650 1758 718 1791 aut
751 1756 941 1791 custodis.
993 1756 1025 1791 si
1059 1756 1252 1791 adversus
1289 1765 1337 1790 ea
1370 1754 1458 1800 quis
1478 1760 1513 1787 30

105 1808 253 1849 fecerit,
280 1809 389 1854 quod
416 1808 502 1854 ipse
529 1818 579 1845 eo
606 1809 672 1844 die
693 1809 900 1855 delegerit,
921 1819 993 1854 pro
1015 1819 1064 1845 eo
1085 1819 1206 1844 nemo
1233 1809 1364 1845 solvet
1390 1817 1456 1843 ne-

107 1871 185 1906 que
219 1861 440 1897 debebitur.
491 1862 559 1907 qui
591 1862 725 1898 oleam
756 1862 944 1908 legerint,
979 1872 1121 1898 omnes
1159 1861 1374 1907 iu<ra>nto
1407 1862 1458 1896 ad

107 1915 316 1950 dominum
343 1917 411 1950 aut
436 1916 487 1951 ad
514 1917 724 1951 custodem
747 1925 837 1951 sese
859 1916 991 1952 oleam
1013 1926 1094 1951 non
1116 1915 1364 1960 subripuisse
1390 1925 1458 1950 ne-

156 2060 175 2091 2
203 2061 465 2100 quomodoque
492 2059 695 2100 (quomodo
729 2071 825 2101 quae
850 2062 911 2094 Vc
938 2071 1048 2101 quum
1082 2071 1178 2101 quae
1203 2063 1226 2093 b
1254 2063 1457 2101 quomodo-

109 2116 180 2146 que
207 2108 260 2140 Af
290 2108 392 2147 Vict.)
424 2106 435 2148 ΙΙ
467 2109 487 2139 6
515 2109 554 2142 R.
582 2109 668 2142 CLII
695 2109 834 2142 Vilicae
861 2110 985 2141 officia
1016 2107 1026 2148 ΙΙ
1067 2109 1108 2141 12
1137 2119 1199 2148 pro
1227 2118 1272 2142 ea
1298 2107 1459 2150 (propter

109 2158 154 2185 ea
177 2154 210 2187 V
237 2164 300 2194 pro
328 2164 373 2187 ea
399 2165 531 2195 apogr.
558 2159 595 2189 et
617 2153 719 2198 Viet.)
765 2155 775 2196 Η
822 2157 863 2188 17
891 2157 1119 2195 eosdemque
1145 2166 1278 2197 apoyr.
1305 2159 1342 2189 et
1371 2157 1457 2189 Vici.

108 2210 174 2233 eos
200 2202 361 2242 denique
381 2203 460 2235 Pol.
481 2202 491 2242 11
514 2203 556 2234 19
584 2204 638 2244 Cf.
660 2215 688 2236 e.
706 2209 724 2236 7
743 2207 779 2237 et
803 2205 898 2236 Plin.
921 2208 969 2242 15,
984 2207 1025 2235 85
1044 2202 1055 2244 Η
1078 2204 1131 2236 19.
1147 2205 1192 2236 20
1221 2213 1329 2236 sorua
1355 2207 1457 2237 utro-

108 2258 177 2288 que
203 2247 378 2290 [0601122
407 2250 460 2290 Cf.
487 2251 582 2283 Plin.
604 2256 652 2290 15,
667 2255 708 2283 90
736 2249 747 2290 l!
776 2252 821 2284 23
848 2253 1038 2283 scantiana
1065 2261 1144 2283 cnm
1172 2253 1266 2284 ΡΖίη.
1289 2257 1337 2290 15,
1352 2255 1393 2284 50
1419 2261 1457 2286 v:

109 2297 153 2335 cf.
174 2306 203 2328 c.
221 2301 239 2328 7
274 2295 285 2335 ΙΙ
323 2297 368 2328 24
394 2298 494 2336 quod
521 2300 627 2330 annis
671 2297 682 2338 ΙΙ
726 2300 770 2331 27
799 2299 838 2331 R.
867 2298 970 2331 CLIII
1002 2299 1077 2331 Lex
1110 2300 1216 2332 oleae
1242 2300 1423 2340 legendae
1458 2321 1459 2329 1

109 2343 153 2374 29
174 2343 228 2383 Cf.
249 2345 342 2376 Plin.
362 2349 409 2383 15,
428 2349 462 2376 11
484 2342 494 2383 ll
515 2345 556 2377 31
584 2355 628 2378 eo
657 2347 715 2378 die
736 2347 806 2379 lue.
829 2347 940 2378 hodie
964 2344 968 2385 Ι
990 2346 1118 2386 legerit
1138 2347 1210 2379 luc.
1231 2344 1242 2386 ΙΙ
1261 2347 1305 2380 32
1327 2347 1414 2378 add.
1437 2355 1456 2375 v
