1575 2470
509 88 569 123 De
596 87 680 132 agri
709 87 859 122 cultura
887 96 917 121 c.
939 87 1032 121 5-8
1401 92 1451 130 15

105 196 216 232 nium
243 195 512 231 minusculum
534 199 571 230 et
591 194 800 239 geminum
823 191 1120 238 eugen[a]eum‚
1148 193 1354 228 helvolum
1382 193 1452 227 mi-

105 249 318 285 nusculum
347 248 557 284 conserito.
598 248 665 292 qui
692 248 805 283 locus
833 256 989 282 crassus
1017 246 1088 281 erit
1115 250 1182 281 aut
1209 246 1452 285 nebulosior‚

106 301 161 338 ibi
179 301 416 337 Aminnium
443 301 572 336 maius
599 303 667 336 aut
693 300 1004 346 Murgentinum,
1026 300 1223 345 Apicium,
1246 299 1452 334 Lucanum

105 354 237 391 serito.
276 357 434 391 ceterae
461 354 575 396 vites,
603 353 809 389 miscellae
830 353 1017 394 maxime,
1039 353 1077 388 in
1106 353 1290 398 quemvis
1311 362 1452 397 agrum

106 409 364 444 conveniunt.
1489 412 1507 440 5

152 461 337 497 Fundum
364 462 638 497 suburbanum
671 461 876 496 arbustum
903 459 1078 494 maxime
1107 459 1296 494 convenit
1323 459 1390 494 ha-
1442 457 1523 503 [VII

104 515 217 550 bere:
246 517 285 550 et
311 515 421 560 ligna
449 518 487 551 et
513 515 652 560 virgae
672 513 812 549 venire
832 516 1011 558 possunt,
1034 516 1072 547 et
1094 513 1259 548 domino
1288 512 1359 547 erit
1385 513 1451 557 qui

105 569 247 603 utatur.
297 568 337 604 in
371 569 516 604 eodem
551 568 675 603 fundo
713 578 828 603 suum
866 567 1060 612 quidquid
1095 567 1251 602 conseri
1278 569 1451 611 oportet:

104 620 228 656 vitem
249 620 488 667 †copularia
501 621 736 657 Aminnium
759 621 1029 656 minusculum
1052 619 1174 665 [vino]
1198 623 1236 655 et
1257 620 1386 655 maius
1415 623 1453 655 et

104 673 310 720 Apicium:
336 684 441 710 uvae
466 675 506 710 in
534 675 613 710 olla
640 675 679 710 in
701 673 940 718 vinace<i>s
967 674 1210 709 conduntur:
1240 674 1384 708 eadem
1412 673 1451 708 in
1478 678 1499 711 2

105 737 215 772 sapa,
248 727 288 762 in
321 730 464 769 musto,
497 728 537 763 in
570 728 653 763 lora
686 731 793 764 recte
826 728 1062 763 conduntur.
1100 736 1199 771 quas
1226 727 1451 771 suspendas
1473 738 1501 764 ιι

106 780 319 815 duracinas
344 780 555 816 Aminnias
582 781 766 823 maiores,
793 782 857 817 vel
885 782 937 817 ad
962 781 1116 816 fabrum
1148 780 1353 815 ferrarium
1380 791 1450 825 pro

105 834 235 878 passis
261 833 393 879 ea<e>
421 838 528 870 recte
554 838 772 870 servantur.
799 845 932 880 poma,
960 835 1065 870 mala
1091 836 1250 875 strutea,
1272 833 1453 870 Cotonea
1477 837 1499 871 3

106 886 332 929 Scantiana,
354 887 599 928 Quiriniana,
627 888 722 924 item
750 889 827 924 alia
856 888 1071 929 conditiva,
1098 888 1203 922 mala
1230 890 1387 922 mustea
1415 894 1452 922 et

105 940 256 976 Punica
281 941 348 984 (eo
375 941 516 977 lotium
547 941 707 976 suillum
741 945 808 977 aut
835 945 986 977 stercus
1019 942 1068 976 ad
1097 941 1273 976 radicem
1301 941 1451 976 addere
1473 952 1505 978 15

105 996 279 1038 oportet,
306 994 361 1030 uti
388 995 581 1040 pabulum
608 996 805 1031 malorum
837 994 991 1040 iia[n]t)‚
1019 995 1103 1040 pira
1129 995 1329 1035 volaema,
1356 995 1450 1030 Ani-

105 1047 220 1083 ciana
254 1046 320 1093 [et]
355 1048 580 1084 sementiva
607 1048 724 1093 (haec
751 1049 956 1085 conditiva
983 1049 1022 1083 in
1049 1058 1147 1093 sapa
1176 1048 1284 1083 bona
1312 1052 1450 1091 erunt),
1478 1052 1496 1084 4

104 1100 328 1143 Tarentina,
350 1104 506 1137 mustea
533 1102 792 1143 cucurbitiva,
819 1102 914 1138 item
943 1102 1020 1137 alia
1047 1111 1197 1147 genera
1225 1112 1345 1146 quam
1367 1102 1451 1147 plu-

104 1154 204 1189 rima
223 1155 344 1190 serito
364 1157 433 1190 aut
451 1155 627 1191 inserito.
661 1155 772 1191 oleas
793 1154 1008 1200 orc[h]ites,
1030 1155 1182 1200 posias:
1205 1164 1278 1190 eae
1300 1155 1451 1200 optime

105 1208 331 1244 conduntur
361 1208 427 1244 vel
458 1208 607 1244 virides
640 1209 679 1244 in
713 1209 839 1244 muria
871 1209 936 1244 vel
970 1209 1009 1244 in
1042 1209 1211 1244 lentisco
1246 1211 1451 1249 contusae,
1471 1218 1505 1243 20

105 1261 172 1297 vel
198 1261 343 1297 orcites
375 1262 443 1297 ubi
475 1262 616 1307 nigrae
644 1266 758 1298 erunt
791 1265 830 1298 et
855 1263 999 1303 siccae,
1033 1262 1117 1297 sale
1145 1262 1337 1298 confriato
1365 1262 1451 1297 dies

105 1314 156 1350 V:
182 1317 324 1360 postea
350 1315 476 1350 salem
504 1315 692 1356 excutito,
718 1315 758 1350 in
786 1316 872 1351 sole
899 1316 1038 1360 ponito
1065 1316 1245 1356 biduum,
1272 1316 1337 1351 vel
1364 1315 1450 1351 sint·

104 1368 190 1403 sale
215 1368 255 1403 in
282 1368 480 1404 defrutum
508 1369 683 1404 condito.
734 1370 852 1404 sorba
885 1369 925 1404 in
958 1379 1056 1414 sapa
1084 1369 1259 1404 condere
1285 1369 1351 1404 vel
1377 1370 1450 1404 sic-

106 1431 214 1457 care:
246 1421 357 1457 arida
387 1422 522 1457 facias.
573 1422 668 1457 item
695 1422 780 1467 pira
811 1422 945 1458 facias.
989 1422 1089 1458 ficos
1115 1422 1305 1458 mariscas
1332 1422 1372 1457 in
1425 1422 1522 1466 [VIII

104 1475 196 1511 loco
222 1477 378 1511 cretoso
406 1478 445 1511 et
464 1478 602 1520 aperto
623 1476 760 1511 serito:
782 1475 990 1511 Africanas
1018 1478 1056 1511 et
1077 1475 1360 1516 Herculaneas,
1382 1475 1449 1511 Sa-
1471 1484 1505 1510 25

106 1528 300 1570 continas‚
335 1529 534 1570 hibernas,
561 1528 748 1564 Tellanas
774 1531 877 1564 atras
913 1529 1103 1574 pediculo
1138 1529 1275 1574 longo,
1310 1539 1378 1564 eas
1412 1530 1450 1564 in

155 1668 171 1699 1
201 1677 271 1700 om.
296 1669 410 1701 Varro
432 1673 460 1707 1,
480 1673 521 1700 25
540 1666 550 1707 ΙΙ
570 1669 590 1700 2
618 1671 772 1701 crassior
798 1679 841 1701 ex
865 1669 1026 1701 Varrone
1053 1671 1089 1701 et
1110 1670 1233 1701 Plinio
1260 1670 1360 1707 Keil‚·
1384 1671 1451 1701 secl

106 1716 150 1755 cf.
173 1711 282 1748 ‘BerL
306 1717 370 1756 ph.
390 1712 453 1748 W.'
482 1726 516 1748 a.
539 1720 619 1748 1894
641 1726 679 1756 ρ.
701 1720 791 1755 1099,
817 1717 960 1749 Hauler
982 1727 1019 1756 ρ.
1042 1721 1080 1748 13
1123 1714 1134 1756 ΙΙ
1177 1716 1197 1748 6
1225 1716 1371 1749 R.V1111
1396 1716 1451 1747 Dc

105 1763 219 1794 fundo
245 1764 455 1795 suburbano
475 1761 486 1802 ΙΙ
506 1764 595 1796 9.1o
617 1763 670 1803 Cf.
679 1764 793 1796 Varro
816 1769 843 1802 l,
857 1768 898 1796 58
918 1760 1024 1803 (Cato
1046 1765 1095 1795 ait
1114 1773 1221 1796 uvam
1243 1766 1450 1796 aminneam

106 1807 346 1842 minusculam
373 1814 408 1843 et
434 1813 606 1844 maiorem
634 1815 670 1843 et
695 1813 851 1851 apiciam
878 1813 914 1843 in
937 1812 1018 1843 ollis
1039 1812 1337 1844 commodissime
1363 1820 1450 1843 con-

105 1855 158 1897 di)
178 1854 190 1897 ΙΙ
209 1857 230 1889 9
255 1859 381 1889 vitium
403 1855 596 1900 (genera)
618 1860 807 1898 conpluria
826 1860 926 1897 Keil,·
953 1860 996 1898 cf.
1022 1860 1142 1899 praef.
1165 1857 1170 1899 Ι
1192 1860 1316 1891 vinum
1336 1859 1417 1891 Keil

106 1905 222 1936 malus
248 1902 382 1943 (maius
407 1905 456 1945 A)
494 1903 505 1944 ΙΙ
551 1906 593 1938 10
619 1915 713 1938 uvae
738 1907 819 1939 Keil
842 1915 908 1938 eae
932 1905 935 1944 Ι
959 1907 1046 1938 aclcl.
1075 1916 1097 1937 v
1118 1916 1161 1939 ex
1179 1907 1274 1938 Plin.
1294 1904 1305 1946 ΙΙ
1328 1907 1365 1938 11
1398 1902 1449 1938 ‘in

105 1953 339 1992 maryinibus
374 1955 511 1985 vetusti
545 1955 683 1986 codicis
718 1957 801 1986 erat
835 1955 904 1985 lzoc
939 1955 1086 1986 verbum
1124 1955 1256 1990 densa,
1283 1955 1326 1986 at
1350 1955 1450 1986 intus

104 1996 195 2031 lora'
217 2000 308 2038 Pol„
334 2001 379 2040 cf.
397 2001 517 2040 praef.
550 1998 560 2040 ΙΙ
594 2001 636 2032 12
663 2002 853 2033 aminneas
873 2000 884 2040 ΙΙ
918 2002 959 2033 13
987 2003 1075 2033 add.
1094 2001 1180 2033 vict.
1204 2000 1208 2039 Ι
1233 2001 1286 2041 Cf.
1308 2011 1336 2034 c.
1358 2005 1417 2033 143

108 2047 151 2078 14
177 2048 343 2086 quiriana
367 2048 461 2080 Plin.
484 2052 532 2086 15,
552 2052 593 2080 50
624 2046 634 2087 ΙΙ
669 2048 711 2080 16
739 2049 910 2087 pabulum
945 2050 1024 2080 cod.
1050 2049 1180 2081 Medic.
1206 2058 1240 2080 m
1266 2049 1415 2080 fabulim

105 2095 176 2126 del.
191 2094 330 2126 Gesner·
363 2093 367 2132 Ι
404 2094 684 2135 Cf.P11·n.15,56
718 2093 728 2134 ΙΙ
769 2096 880 2128 16.17
909 2097 1078 2128 aniciana
1103 2097 1307 2128 sementiva
1337 2096 1450 2128 Varro

107 2145 135 2178 1,
149 2145 199 2173 59.
227 2143 397 2173 aniciana
423 2145 458 2174 et
484 2145 689 2175 sementina
721 2141 944 2181 (sementina
968 2143 1001 2175 V
1026 2145 1231 2176 sementina
1258 2152 1390 2183 apoyr.
1417 2146 1451 2175 et

111 2186 212 2228 vict.)
231 2186 243 2228 ΙΙ
265 2188 318 2221 18.
335 2189 378 2220 19
405 2198 513 2228 quam
535 2191 689 2229 plurima
706 2191 779 2222 luc.
807 2199 915 2230 quam
938 2190 1047 2229 pluris
1075 2189 1079 2229 Ι
1109 2192 1178 2223 del.
1198 2191 1312 2223 Varro
1334 2195 1361 2229 1,
1376 2194 1416 2222 60

107 2234 162 2274 Cf.
181 2236 275 2268 Plin.
291 2241 392 2275 15,21
413 2234 424 2275 ΙΙ
445 2237 486 2268 21
515 2238 646 2270 orcites
673 2233 845 2277 (orchites
871 2234 917 2278 V)
947 2236 951 2275 Ι
983 2238 1061 2270 dies
1081 2238 1111 2270 V
1139 2236 1235 2276 (dies
1261 2238 1290 2270 11
1316 2238 1395 2270 Pol.
1416 2241 1450 2269 et

106 2291 239 2322 apoyr.
254 2293 323 2315 rec.
344 2284 423 2316 dies
439 2284 528 2315 ·u·A
543 2285 665 2316 diesV
683 2285 768 2317 Viet.
790 2286 869 2317 dies
889 2287 1053 2325 quinque
1068 2284 1198 2324 Varro)
1218 2283 1229 2325 ΙΙ
1249 2285 1293 2317 23
1313 2293 1421 2317 sorua

107 2329 161 2368 Cf.
181 2330 276 2362 Plin.
299 2335 346 2369 15,
361 2334 401 2363 85
432 2329 442 2370 ΙΙ
475 2331 519 2363 24
546 2331 585 2363 R.
606 2332 636 2363 X
664 2332 767 2364 Ficos
795 2341 867 2371 quo
897 2333 979 2364 loco
1006 2341 1105 2365 seras
1128 2330 1133 2372 Ι
1157 2332 1211 2372 Cf.
1232 2333 1326 2364 Plin.
1349 2336 1396 2369 15,
1415 2337 1450 2362 7:

1186 2387 1236 2423 3*
