1618 2470
513 50 574 85 De
600 49 684 94 agri
712 49 864 84 cultura
890 58 921 84 c.
941 49 1083 84 45—52
1419 57 1473 95 35

122 158 265 193 subtus
284 157 407 193 homo
428 156 635 192 ambulare
655 156 781 201 possit
800 155 931 191 facito.
972 156 1110 191 crebro
1132 159 1309 192 runcato.
1355 157 1473 192 simul

122 211 274 247 herbae
306 209 528 255 inceperint
560 209 688 250 nasci,
717 209 894 244 eximito.
945 219 1038 244 nam
1073 209 1104 244 si
1138 209 1304 245 herbam
1333 210 1470 245 duram

122 264 262 305 velles,
290 272 502 308 cupressos
529 263 647 298 simul
675 262 838 298 evelles.

170 316 235 353 Ad
261 317 437 353 eundem
463 316 629 352 modum
656 325 798 351 semen
827 316 1015 360 pirorum,
1043 315 1240 351 malorum
1268 317 1388 353 serito
1416 320 1471 352 te-
1499 318 1520 352 3

122 370 301 416 gitoque.
350 379 476 406 nuces
502 369 644 414 pineas
675 369 727 404 ad
765 369 941 404 eundem
969 369 1134 404 modum
1163 369 1238 405 nisi
1265 372 1470 415 tamquam
1509 380 1527 405 5

121 423 245 459 alium
271 423 406 459 serito.

169 476 340 512 Vineam
360 478 540 512 veterem
560 475 592 511 si
620 476 660 511 in
681 475 804 510 alium
825 476 959 511 locum
973 476 1184 512 transferre
1204 477 1331 516 voles,
1359 475 1543 522 [XLVIllI

122 530 330 565 dumtaxat
355 529 563 566 brachium
590 538 764 564 crassam
792 528 939 564 licebit.
981 529 1153 574 primum
1182 530 1387 575 deputato,
1414 530 1471 566 bi-

120 593 193 619 nas
218 593 402 629 gemmas
428 592 479 618 ne
505 582 678 628 amplius
705 582 930 627 relinquito.
971 592 1020 618 ex
1041 583 1243 619 radicibus
1270 584 1376 619 bene
1404 594 1469 619 ex·
1497 584 1518 618 2

119 636 257 678 fodito,
272 646 400 682 usque
413 636 569 672 radices
583 635 815 681 persequito
832 638 870 671 et
891 638 1034 672 caveto
1049 645 1102 672 ne
1122 637 1278 673 radices
1300 637 1469 673 saucies.
1493 645 1524 672 10

120 689 174 725 ita
200 690 255 725 uti
281 689 408 731 fuerit,
434 689 574 735 ponito
601 689 642 724 in
668 689 811 725 scrobe
845 691 913 724 aut
945 688 985 724 in
1018 690 1132 725 sulco
1166 689 1405 735 operitoque
1433 693 1471 726 et

118 743 225 779 bene
250 743 470 785 occulcato‚
497 743 726 788 eodemque
753 743 876 778 modo
902 742 1065 778 vineam
1102 743 1277 785 statuito,
1304 743 1469 789 alligato

118 796 362 842 flexatoque,
388 795 445 832 uti
471 796 598 837 fuerit,
627 796 848 841 crebroque
874 795 1013 832 fodito.

164 849 280 886 Prata
314 849 443 895 primo
469 859 565 885 vere
596 851 813 885 stercerato
840 849 935 884 luna
968 849 1112 885 silenti.
1165 860 1270 895 quae
1297 850 1468 896 inrigiva
1497 850 1540 895 [L

116 912 199 939 non
225 905 349 944 erunt,
369 903 438 939 ubi
464 902 651 940 favonius
670 902 767 938 flare
791 902 980 947 coeperit,
1003 912 1094 938 cum
1121 906 1233 948 prata
1260 904 1467 944 defendes,
1492 912 1523 939 15

115 956 341 1001 depurgato
368 956 596 1001 herbasque
622 956 749 991 malas
776 955 908 991 omnis
934 956 1125 992 radicitus
1153 956 1331 993 effodito.

162 1008 239 1044 Vbi
265 1009 427 1045 vineam
455 1009 722 1054 deputaveris,
744 1019 933 1047 acervum
958 1010 1159 1054 lignorum
1180 1010 1467 1056 virgarumque
1494 1011 1515 1045 2

113 1062 246 1098 tacito.
289 1063 389 1100 ficos
409 1063 652 1109 interputato
675 1065 713 1098 et
734 1062 773 1098 in
794 1063 916 1098 vinea
942 1062 1041 1099 ficos
1069 1064 1276 1100 subradito
1304 1064 1395 1105 alte,
1416 1074 1468 1100 ne

115 1125 185 1151 eas
204 1115 297 1152 vitis
316 1117 496 1152 scandat.
535 1116 751 1152 seminaria
769 1116 891 1152 facito
913 1119 951 1152 et
971 1119 1109 1152 vetera
1130 1117 1332 1153 resarcito.
1365 1118 1467 1153 haec

113 1168 244 1211 facito,
271 1172 489 1215 antequam
512 1170 664 1205 viniam
690 1170 829 1206 fodere
856 1169 1038 1215 incipias.
1485 1179 1520 1206 20

161 1221 238 1258 Vbi
270 1223 371 1268 daps
404 1223 612 1269 profanata
644 1226 907 1269 comestaque
940 1223 1028 1265 erit,
1064 1233 1190 1259 verno
1224 1233 1336 1259 arare
1369 1224 1465 1259 inci-

113 1276 208 1321 pito.
248 1285 297 1312 ea
323 1276 412 1312 loca
436 1276 607 1322 primum
628 1279 750 1318 arato,
772 1286 877 1322 quae
897 1277 1120 1313 siccissima
1142 1280 1266 1319 erunt,
1296 1280 1335 1313 et
1362 1287 1466 1322 quae

111 1329 361 1365 crassissima
388 1332 426 1365 et
449 1330 717 1375 aquosissima
738 1333 864 1371 erunt,
886 1340 935 1366 ea
954 1333 1202 1376 postremum
1224 1333 1347 1371 arato,
1369 1331 1465 1365 dum

112 1392 165 1418 ne
190 1382 299 1428 prius
325 1383 608 1419 obdurescant.

183 1436 425 1482 Propagatio
452 1446 677 1482 pomorum,
704 1437 873 1472 aliarum
900 1437 1099 1473 arborum.
1144 1437 1195 1472 ab
1223 1437 1365 1473 arbore
1392 1437 1535 1483 abs[LI

110 1492 214 1525 terra
239 1489 338 1535 pulli
364 1490 432 1535 qui
458 1494 684 1533 nascentur,
712 1500 783 1526 eos
803 1490 843 1526 in
863 1492 1007 1526 terram
1029 1490 1242 1536 deprimito
1265 1490 1465 1526 extollito-
1484 1498 1519 1526 26

112 1552 192 1588 que
227 1542 442 1588 primorem
476 1546 643 1588 partem,
680 1544 736 1579 uti
771 1544 949 1579 radicem
986 1543 1133 1589 capiat:
1171 1543 1266 1579 inde
1298 1543 1464 1580 biennio

111 1598 202 1642 post
237 1596 402 1632 effodito
437 1597 653 1643 seritoque.
702 1598 842 1639 ticum,
880 1597 1031 1639 oleam,
1068 1597 1220 1632 malum
1255 1597 1465 1639 Punicum,

112 1648 394 1695 Cotone<u>m
421 1650 582 1696 aliaque
608 1650 715 1686 mala
747 1651 896 1692 omnia,
929 1651 1097 1692 laurum,
1125 1653 1310 1690 muttum,
1337 1660 1464 1687 nuces

111 1702 409 1746 Praenestinas,
441 1704 666 1750 platanum,
706 1704 807 1740 haec
846 1704 983 1740 omnia
1019 1714 1041 1739 a
1078 1703 1210 1749 capite
1246 1704 1459 1750 propagari
1480 1712 1517 1740 30

112 1755 316 1802 eximique
347 1756 508 1803 serique
528 1757 675 1793 eodem
696 1758 819 1793 modo
841 1760 1010 1803 oportet.
1050 1767 1154 1802 quae
1175 1757 1410 1803 diligentius
1457 1756 1533 1803 [LII

111 1809 324 1855 propagari
349 1810 477 1852 voles,
497 1810 538 1846 in
564 1811 692 1846 aullas
719 1812 787 1846 aut
813 1810 852 1846 in
880 1811 1023 1856 qualos
1042 1813 1228 1855 pertusos
1248 1811 1461 1856 propagari

111 1864 269 1907 oportet
295 1864 334 1898 et
360 1872 451 1899 cum
471 1863 520 1900 iis
541 1863 581 1899 in
602 1864 787 1900 scrobem
809 1864 951 1899 deferri
972 1866 1140 1909 oportet.
1182 1863 1220 1898 in
1242 1864 1461 1905 arboribus,

158 1995 179 2029 2
206 1997 409 2035 inceperint
428 1994 634 2036 (coeperint
646 1996 694 2037 V)
714 1995 726 2038 H
745 1998 766 2030 4
787 1997 961 2030 malorum
978 1998 1033 2029 vb
1055 1998 1231 2029 maiorum
1251 1995 1263 2037 ΙΙ
1283 1997 1302 2029 7
1319 1997 1460 2030 R.LV11

109 2043 168 2076 De
193 2044 304 2076 uinea
328 2047 452 2076 uetere
473 2043 479 2084 Ι
502 2044 666 2084 Cf.Plin.
682 2049 732 2084 17,
748 2049 808 2077 198
832 2043 843 2085 ll
877 2045 919 2076 14
946 2045 986 2077 R.
1006 2044 1115 2077 LVIII
1140 2044 1246 2077 Prata
1272 2046 1459 2084 quomodo

110 2093 352 2124 stercorentur
373 2088 379 2131 Ι
403 2091 457 2132 Cf.
472 2096 575 2130 c.29,·
600 2093 696 2125 ΡΙίη,
712 2096 761 2131 18,
775 2096 837 2124 243
855 2090 867 2132 ss
886 2092 928 2124 21
951 2092 990 2124 R.
1011 2092 1136 2125 LVIIII
1162 2092 1231 2125 Ubi
1258 2093 1350 2131 daps
1378 2101 1459 2132 pro-

111 2138 235 2170 fanata
260 2139 326 2171 erit
351 2139 440 2178 quid
465 2139 529 2171 fiat
551 2139 555 2179 Ι
579 2139 634 2179 Cf.
649 2149 678 2172 c.
694 2144 750 2172 131
787 2138 791 2177 Ι
827 2143 1064 2179 comestaque
1096 2137 1350 2180 (ct->mestaque
1375 2139 1422 2179 V)
1449 2136 1460 2179 ss

111 2184 157 2217 22
182 2194 228 2218 ea
252 2187 334 2219 loca
359 2195 403 2218 ex
428 2196 458 2218 c.
474 2190 529 2219 131
557 2188 638 2219 Keil
663 2190 699 2219 et
725 2188 806 2219 loca
839 2185 851 2226 ΙΙ
888 2187 932 2219 25
960 2186 999 2219 R.
1020 2186 1080 2219 LX
1105 2186 1326 2227 Propagatio
1353 2187 1459 2220 oleae

111 2241 379 2273 pomorumque
406 2230 412 2273 Ι
442 2233 496 2273 Cf.
517 2238 621 2266 c.133
651 2232 662 2273 ΙΙ
694 2235 737 2266 27
765 2235 913 2273 capiant
937 2235 1047 2267 Pont.
1077 2232 1090 2275 ΙΙ
1120 2234 1164 2266 29
1191 2236 1378 2267 cotonium
1399 2243 1422 2265 v
1448 2230 1459 2275 Ιξ

111 2279 154 2311 31
183 2279 223 2311 R.
243 2280 318 2313 LXI
345 2280 450 2317 Quae
476 2281 686 2321 diligentius
714 2283 906 2322 propagari
933 2282 1048 2314 uoles.
1099 2281 1204 2318 Quae
