1618 2470
488 55 545 91 De
572 57 655 102 agri
684 57 835 92 cultura
864 67 894 92 c.
917 58 1058 91 21—25
1401 65 1456 102 25

105 164 247 200 defruti
274 165 338 199 vel
365 164 458 200 salis
479 163 758 209 sesquilibram
780 164 819 199 in
841 164 1027 199 culleum.
1068 174 1240 200 marmor
1267 164 1298 199 si
1327 165 1454 205 indes,
1481 166 1504 201 3

106 217 146 253 in
172 217 347 254 culleum
373 217 514 252 libram
541 217 684 252 indito:
712 216 751 251 id
778 217 905 252 indito
931 217 971 252 in
994 227 1145 258 urnam,
1167 217 1335 254 misceto
1364 228 1454 253 cum

105 273 255 306 musto:
282 271 322 306 id
349 270 475 306 indito
502 270 543 305 in
570 270 745 306 doleum.
797 270 970 305 resinam
997 270 1029 305 si
1057 270 1184 312 indes,
1212 271 1252 306 in
1280 271 1452 307 culleum

104 324 224 360 musti
249 331 284 359 P.
305 332 359 364 111,
386 324 492 360 bene
525 323 784 364 conminuito,
813 323 940 359 indito
973 323 1011 359 in
1045 323 1241 359 fiscellam
1270 327 1309 360 et
1333 325 1453 360 facito

102 377 158 413 uti
184 377 225 413 in
245 378 366 414 doleo
387 377 506 413 musti
527 378 719 423 pendeat:
748 386 837 412 eam
859 379 1049 422 quassato
1071 378 1222 418 crebro,
1243 377 1298 412 uti
1319 378 1452 413 resina
1490 388 1508 413 5

100 431 442 476 condeliquescat.
494 429 618 475 <ubi>
647 430 840 466 indideris
867 431 1065 466 defrutum
1092 433 1160 465 aut
1186 440 1360 466 marmor
1385 434 1453 466 aut
1478 434 1500 467 4

101 484 286 526 resinam,
313 484 400 520 dies
426 492 485 518 XX
511 484 753 530 permisceto
782 484 932 525 crebro,
959 483 1146 519 tribulato
1175 484 1335 520 cotidie.
1374 488 1449 521 tor-

97 538 226 574 tivum
258 544 433 574 mustum
467 537 833 574 circumcidaneum
860 547 934 573 suo
969 537 1114 582 cuique
1141 538 1252 573 dolio
1280 538 1449 574 dividito

98 592 321 637 additoque
347 592 504 637 pariter.

146 645 294 681 Vinum
311 644 509 681 Graecum
527 645 605 681 hoc
624 645 747 681 modo
762 645 847 681 fieri
863 648 1031 690 oportet.
1060 655 1159 680 uvas
1174 644 1338 690 Apicias
1366 644 1520 691 [XXllll

95 701 305 744 percoctas
330 699 435 735 bene
461 699 598 744 legito.
638 698 706 734 ubi
727 698 940 744 delegeris,
961 698 1001 733 in
1023 698 1109 733 eius
1130 698 1249 733 musti
1271 698 1446 734 culleum
1468 707 1498 733 11

95 762 227 798 aquae
248 752 426 788 marinae
446 752 593 788 veteris
614 759 654 790 Q.
677 760 703 787 11
725 751 909 797 <indito>
929 752 993 787 vel
1021 752 1115 787 salis
1136 752 1223 797 puri
1244 752 1444 787 modium:

94 815 189 841 eum
209 805 247 841 in
268 805 422 842 fiscella
442 806 678 851 suspendito
699 805 902 851 sinitoque
923 815 1013 841 cum
1035 808 1167 841 musto
1189 805 1443 841 distabescat.

93 859 126 894 si
153 858 405 905 helv[i]olum
432 860 571 895 vinum
597 860 729 895 facere
755 859 881 900 voles,
909 859 1120 894 dimidium
1150 857 1358 904 helv[i]oli‚
1386 859 1443 894 di-

93 912 260 948 midium
281 912 413 958 Apicii
435 913 517 949 vini
539 913 677 953 indito,
693 913 835 948 defruti
855 912 1003 948 veteris
1024 914 1177 957 partem
1199 912 1439 954 tricesimam
1465 922 1498 947 15

91 965 242 1001 addito.
281 966 477 1011 quidquid
498 966 579 1002 vini
602 967 831 1007 defrutabis,
852 968 1005 1011 partem
1029 966 1271 1001 tricesimam
1300 966 1441 1001 defruti

92 1019 242 1055 addito.

139 1072 271 1113 Quom
298 1073 436 1108 vinum
464 1076 622 1109 coctum
651 1074 721 1109 erit
754 1076 792 1109 et
819 1083 941 1119 quom
968 1073 1135 1118 legetur,
1161 1073 1281 1108 facito
1308 1073 1364 1108 uti
1391 1072 1513 1119 [XXV

89 1128 270 1162 servetur
294 1126 469 1162 familiae
501 1127 672 1172 primum
705 1127 888 1172 suisque,
914 1126 1116 1172 facitoque
1143 1127 1307 1162 studeas
1334 1127 1440 1162 bene

89 1183 322 1224 percoctum
342 1180 576 1226 siccumque
589 1180 739 1226 legere,
754 1190 805 1216 ne
819 1180 958 1215 vinum
978 1189 1128 1215 nomen
1150 1180 1301 1225 perdat.
1328 1180 1437 1215 vina·
1460 1187 1494 1214 20

86 1242 186 1269 ceos
212 1233 360 1269 cotidie
386 1234 558 1269 recentis
579 1234 804 1269 succernito
831 1234 936 1269 lecto
957 1234 1129 1269 restibus
1150 1234 1349 1274 subtento,
1371 1234 1435 1269 vel

87 1285 318 1331 crib<r>um
340 1285 475 1332 illi[us]
496 1287 552 1322 rei
573 1290 723 1332 parato.
764 1297 834 1323 eos
855 1287 1091 1323 conculcato
1114 1287 1153 1322 in
1175 1286 1284 1322 dolia
1304 1287 1436 1332 picata

87 1339 153 1375 vel
173 1339 213 1375 in
234 1340 366 1375 lacum
387 1340 584 1376 vinarium
606 1341 793 1386 picatum.
821 1341 861 1376 id
882 1341 987 1376 bene
1008 1341 1146 1376 iubeto
1167 1340 1304 1381 oblini,
1326 1342 1436 1386 quod

86 1393 159 1428 des
185 1393 316 1429 bubus
336 1403 407 1438 per
426 1394 615 1430 hiemem.
653 1394 846 1435 indidem,
873 1394 905 1429 si
925 1394 1052 1434 voles,
1079 1393 1202 1429 lavito
1230 1393 1435 1438 paulatim.

85 1446 159 1481 erit
183 1444 324 1492 lor[e]a
348 1446 525 1483 familiae
552 1448 661 1492 quod
687 1448 808 1483 bibat.
1456 1455 1491 1482 25

132 1498 348 1535 Vindemia
372 1501 476 1536 facta
496 1511 594 1536 vasa
619 1502 784 1543 torcula,
807 1501 1002 1542 corbulas‚
1023 1501 1196 1541 fiscinas,
1224 1501 1340 1541 funis,
1369 1499 1507 1545 [XXVI

82 1553 276 1598 patibula,
294 1553 438 1590 fibulas
459 1554 596 1590 iubeto
617 1565 691 1590 suo
713 1555 909 1600 quidquid
929 1555 1020 1591 loco
1043 1554 1172 1590 condi.
1208 1554 1316 1590 dolia
1343 1564 1433 1590 curn

83 1605 180 1642 vino
206 1606 268 1642 bis
294 1607 334 1642 in
361 1607 427 1643 die
452 1608 515 1643 fac
536 1611 828 1654 extergeantur,
850 1609 1065 1654 privasque
1086 1608 1275 1653 scopulas
1296 1608 1336 1643 in
1364 1608 1433 1643 do-

82 1659 136 1694 lia
165 1660 286 1696 facito
318 1661 471 1697 habeas
503 1661 558 1697 illi
585 1662 659 1703 rei,
686 1662 754 1708 qui
780 1662 891 1698 labra
927 1661 1126 1697 doliorum
1155 1661 1432 1697 circumfrices.

82 1712 152 1748 ubi
179 1713 251 1748 erit
275 1713 423 1750 lectum
450 1714 537 1750 dies
556 1715 728 1760 triginta,
749 1714 782 1750 si
806 1715 912 1750 bene
938 1714 1151 1750 deacinata
1172 1716 1286 1750 erunt
1313 1713 1431 1754 dolia,
1453 1722 1489 1749 30

133 1799 148 1830 1
178 1799 307 1831 defruti
333 1809 356 1831 v
382 1801 499 1833 defriti
530 1799 541 1841 ΙΙ
569 1801 591 1833 6
617 1802 919 1841 condeliquescat
948 1802 1034 1833 Vici.
1061 1810 1143 1833 cum
1169 1801 1398 1840 deliquescat

81 1847 172 1878 add.
197 1846 279 1878 Keil
304 1845 351 1885 (si
370 1847 411 1888 v)
436 1847 447 1886 l!
475 1849 518 1880 10
544 1849 585 1881 R.
604 1849 734 1881 XXVII
759 1849 892 1881 Vinum
925 1857 1095 1889 graecum
1124 1848 1311 1888 quomodo
1339 1849 1403 1879 liat
1425 1849 1428 1876 J

82 1892 138 1933 Cf.
158 1903 241 1934 cap.
262 1898 331 1933 105,
346 1899 362 1926 1
383 1893 394 1935 Η
416 1896 458 1928 12
485 1898 573 1929 add.
592 1897 674 1929 Keil
693 1894 703 1935 ΙΙ
726 1897 767 1928 14
794 1898 865 1929 del.
881 1897 961 1929 Keil
987 1894 1049 1935 (cf.
1070 1900 1120 1945 ¹51.
1141 1894 1174 1935 1)
1198 1893 1202 1935 l
1225 1896 1296 1928 del.
1322 1894 1422 1927 Keil}

83 1964 126 1995 15
152 1965 262 2003 apicii
287 1967 362 1998 vini
394 1967 478 2000 vict.
506 1969 680 2007 apiciuini
708 1969 748 2000 cf
777 1969 934 2007 apicium
962 1968 985 1999 b
1012 1947 1171 2006 apiciiim
1198 1966 1231 1999 A
1256 1967 1332 1998 vini
1359 1976 1430 1999 om.

78 2010 114 2043 V
131 2008 143 2051 ΙΙ
165 2012 208 2044 16
234 2013 433 2046 defrutabis
462 2015 542 2048 Urs.
569 2016 780 2048 defrudabis
811 2013 821 2055 ΙΙ
856 2015 898 2047 18
925 2015 964 2048 R.
986 2014 1130 2046 XXVIII
1156 2014 1236 2047 Uua
1262 2017 1367 2046 cocta
1392 2018 1430 2046 ut

80 2062 270 2092 seruentur
288 2057 300 2100 ΙΙ
319 2061 361 2092 21
390 2066 555 2095 recentes
582 2073 605 2094 v
631 2064 791 2103 regentis
818 2072 952 2103 apoyr.
978 2066 1148 2103 regentes
1174 2062 1254 2095 Pol.
1283 2061 1288 2100 l
1316 2063 1430 2094 lector

79 2107 220 2139 estibus
246 2109 418 2141 subtento
449 2107 461 2148 ΙΙ
492 2110 535 2142 22
563 2112 714 2143 cribrum
742 2120 765 2142 v
799 2107 805 2151 Ι
840 2112 910 2143 del.
936 2110 1009 2142 Ine.
1040 2107 1052 2149 ΙΙ
1083 2110 1128 2143 23
1154 2110 1272 2142 lacurn
1300 2106 1425 2148 (latum

79 2151 127 2191 V)
150 2151 155 2192 Ι
178 2155 335 2193 picatum
357 2165 380 2187 v
401 2158 550 2196 pilatum
571 2156 582 2198 Η
601 2159 646 2190 25
667 2160 738 2191 del.
751 2159 887 2191 Meurs.
902 2156 964 2197 (cf.
976 2158 1072 2189 Plin.
1088 2161 1138 2196 14,
1150 2160 1194 2189 86
1206 2159 1243 2189 et
1259 2155 1397 2197 praef.)
1418 2173 1419 2187 1

77 2200 124 2231 26
150 2200 190 2234 R.
210 2201 371 2235 XXVIIII
396 2204 592 2237 Vindemia
623 2205 719 2237 facta
750 2203 863 2244 (facta
895 2215 965 2237 om.
992 2205 1083 2242 Pol..
1116 2206 1205 2237 add.
1232 2213 1365 2245 apoyr.
1392 2208 1428 2236 et

84 2246 186 2288 Vict.)
211 2252 250 2281 ut
275 2259 365 2283 uasa
389 2252 528 2284 torcula
552 2253 779 2292 subligentur
801 2251 806 2291 Ι
831 2252 885 2292 Cf.
906 2262 934 2284 c.
958 2255 998 2284 68
1017 2250 1028 2292 ΙΙ
1057 2251 1101 2284 28
1128 2252 1184 2283 fac
1211 2255 1426 2291 extergean-

78 2297 134 2326 tur
159 2305 292 2337 apoyr.
319 2299 400 2331 face
426 2302 680 2339 extergeantur
705 2300 738 2332 V
760 2298 764 2340 Ι
789 2300 843 2339 Cf.
866 2309 894 2331 c.
917 2304 976 2330 152
