1618 2470
144 79 200 117 66
737 72 899 108 Catonis

145 189 273 224 usque
306 180 437 214 donec
470 180 729 215 conmadebit
764 181 881 220 bene,
909 190 1055 225 aquam
1084 181 1303 216 defundito.
1354 184 1497 226 postea

145 233 271 268 salem
298 232 436 268 addito
464 236 502 267 et
529 232 678 268 cumini
703 233 910 278 paululum
933 236 971 268 et
992 233 1184 278 pollinem
1212 234 1403 279 polentae
1430 244 1496 270 eo-

96 286 119 319 6
146 287 239 321 dem
266 286 403 321 addito
432 289 470 321 et
497 286 645 321 oleum.
695 289 837 331 postea
871 286 1114 327 fervefacito‚
1142 287 1338 323 infundito
1366 288 1406 323 in
1434 298 1496 324 ca-

144 339 283 380 tinum,
322 339 374 374 uti
410 339 607 384 frigescat.
660 349 709 375 eo
746 340 903 375 interito
941 340 1048 384 quod
1084 340 1194 375 volet
1230 340 1319 381 cibi,
1355 343 1498 386 postea

108 401 126 426 5
146 393 240 428 edit.
285 393 357 427 sed
385 392 416 427 si
443 393 588 437 poterit
615 393 743 428 solam
770 393 988 428 brassicam
1017 402 1117 433 esse,
1146 393 1238 428 edit.
1287 396 1326 429 et
1352 394 1384 430 si
1412 394 1500 430 sine

144 446 255 482 febre
288 446 376 486 erit,
404 446 498 481 dato
534 446 616 480 vini
651 446 721 481 atri
756 447 841 481 duri
874 450 1065 492 aquatum
1098 447 1210 483 bibat
1236 457 1357 492 quam
1384 448 1499 484 mini-

146 509 273 540 mum;
300 499 332 534 si
359 499 479 534 febris
507 499 590 539 erit,
618 509 776 544 aquam.
814 500 853 534 id
879 500 998 535 facito
1027 500 1175 535 cotidie
1202 510 1332 536 mane.
1372 501 1499 537 nolito

147 553 314 588 multum
337 553 443 593 dare,
464 561 516 587 ne
536 553 827 597 pertaedescat‚
845 553 900 588 uti
921 553 1047 598 possit
1068 563 1184 598 porro
1207 553 1377 589 libenter
1398 563 1499 590 esse.

98 607 119 641 7
147 607 198 641 ad
231 606 407 641 eundem
440 606 607 641 modum
640 606 726 641 viro
760 610 798 641 et
834 606 988 641 mulieri
1017 609 1054 642 et
1082 616 1206 651 puero
1234 607 1340 642 dato.
1392 617 1498 643 nunc

94 667 127 693 ιο
147 660 198 695 de
230 659 323 700 illis,
352 659 497 704 quibus
531 668 654 704 aegre
686 658 826 694 lotium
860 659 887 693 it
919 659 1146 704 quibusque
1173 659 1399 695 substillum
1427 663 1498 696 est.

146 713 293 748 sumito
333 713 567 753 brassicam,
608 712 752 747 coicito
792 712 831 747 in
872 722 1018 757 aquam
1056 712 1296 754 ferventem,
1337 714 1500 758 coquito

146 766 359 811 paulisper,
388 765 442 800 uti
469 766 670 801 subcruda
696 765 781 801 siet.
832 769 974 810 postea
1007 775 1153 810 aquam
1181 766 1388 802 defundito
1417 776 1499 803 non

146 829 321 854 omnem.
369 829 417 854 eo
445 819 582 854 addito
604 819 739 854 oleum
767 819 872 854 bene
900 825 938 857 et
963 819 1089 854 salem
1117 821 1155 854 et
1182 820 1330 855 cumini
1358 820 1499 865 paulu-

146 874 240 913 lum,
279 872 553 908 inferveiacito
587 872 801 917 paulisper.
853 875 994 917 postea
1030 872 1125 907 inde
1161 872 1359 908 iusculum
1394 874 1501 919 frigi-

94 934 128 961 15
147 927 243 961 dum
275 927 438 961 sorbere
471 928 509 961 et
541 926 668 970 ipsam
708 925 929 960 brassicam
967 934 1073 966 esse,
1101 925 1156 960 uti
1184 935 1303 970 quam
1331 926 1502 971 primum

150 982 409 1024 excoquatur.
462 979 610 1014 cotidie
637 978 677 1013 id
704 979 835 1014 facito.

79 1031 223 1078 CLVII]
276 1032 337 1067 De
370 1032 546 1067 brassica
572 1032 839 1076 Pythagorea,
873 1032 968 1077 quid
996 1032 1034 1066 in
1063 1041 1110 1066 ea
1138 1032 1233 1067 boni
1260 1033 1309 1068 sit
1335 1033 1502 1069 salubri-

148 1085 331 1130 tatisque.
383 1085 621 1130 principium
654 1088 693 1120 te
727 1094 975 1131 cognoscere
1008 1088 1180 1130 oportet,
1215 1095 1319 1130 quae
1351 1096 1503 1132 genera

149 1139 351 1175 brassicae
378 1138 455 1173 sint
484 1141 521 1173 et
548 1138 661 1173 cuius
694 1139 803 1174 modi
838 1142 1018 1174 naturam
1046 1139 1232 1174 habeant.
1285 1139 1421 1175 omnia
1448 1141 1500 1176 ad

95 1201 130 1228 20
150 1193 319 1228 salutem
353 1195 549 1237 temperat
581 1195 868 1236 conmutatque
903 1201 993 1227 sese
1026 1201 1185 1236 semper
1224 1201 1315 1227 curn
1357 1193 1503 1234 calore,

151 1246 260 1281 arida
286 1245 403 1280 simul
425 1244 521 1289 <et>
544 1245 679 1279 umida
707 1248 745 1280 et
772 1244 958 1289 dulci<s>
986 1248 1024 1280 et
1050 1254 1186 1279 amara
1213 1247 1251 1280 et
1277 1245 1389 1281 acris.
1431 1247 1504 1281 sed

151 1309 256 1344 quae
287 1298 541 1334 voca<''n>tur
573 1302 728 1343 septem
760 1298 868 1333 bona
903 1298 942 1333 in
983 1296 1323 1343 conmixtura[m]‚
1363 1301 1504 1335 natura

152 1351 287 1387 omnIa
321 1351 421 1386 haec
452 1351 575 1387 habet
607 1347 795 1387 brassica.
846 1360 951 1386 nunc
986 1351 1040 1386 uti
1068 1360 1294 1395 cognoscas
1322 1354 1503 1387 naturam

153 1415 301 1445 earum,
336 1405 462 1449 prima
497 1408 557 1440 est
593 1405 694 1440 levis
727 1414 831 1449 quae
863 1405 1105 1439 nominatur:
1147 1413 1194 1439 ea
1234 1407 1293 1439 est
1330 1405 1506 1449 grandis,

99 1458 243 1494 251atis
277 1458 392 1498 foliis,
427 1458 542 1493 caule
575 1467 742 1502 magno,
776 1457 951 1492 validam
985 1458 1107 1492 habet
1138 1460 1319 1492 naturam
1353 1460 1391 1493 et
1423 1458 1505 1493 vim

105 1513 127 1548 2
154 1521 345 1557 magnam
378 1512 510 1547 habet.
563 1512 686 1546 altera
720 1513 779 1546 est
811 1510 956 1555 crispa,
992 1510 1163 1555 apiacon
1190 1513 1371 1546 vocatur:
1405 1511 1507 1547 haec

156 1568 214 1600 est
228 1568 368 1600 natura
389 1567 427 1599 et
447 1567 612 1609 aspectu
634 1564 752 1603 bona,
774 1564 824 1598 ad
846 1563 1092 1599 curationem
1113 1563 1284 1599 validior
1305 1566 1364 1599 est
1384 1574 1505 1609 quam

155 1627 259 1663 quae
286 1627 405 1662 supra
431 1617 577 1662 scripta
604 1621 674 1652 est.
715 1620 753 1652 et
779 1617 874 1651 item
902 1619 961 1652 est
980 1616 1105 1657 tertia,
1127 1625 1230 1661 quae
1257 1616 1359 1652 lenis
1385 1626 1506 1653 voca-

156 1676 225 1713 tur,
254 1671 415 1706 minutis
443 1671 635 1712 caulibus,
662 1673 811 1711 tenera,
840 1672 877 1704 et
904 1670 1102 1705 acerrima·
1121 1669 1301 1704 omnium
1329 1672 1389 1705 est
1415 1670 1507 1705 ista-

100 1734 137 1761 30
158 1735 253 1765 rum,
281 1724 391 1759 tenui
419 1734 516 1759 suco
543 1722 911 1759 vehementissima.
951 1725 989 1758 et
1012 1722 1182 1767 primum
1205 1722 1316 1764 scito,
1344 1723 1395 1758 de
1422 1733 1506 1759 om-

108 1780 130 1815 3
157 1779 274 1813 nibus
300 1777 486 1813 brassicis
513 1777 622 1812 nulla
649 1780 708 1812 est
734 1775 839 1811 illius
866 1776 975 1811 modi
997 1775 1305 1811 medicamento.
1345 1777 1396 1812 ad
1424 1786 1508 1812 om-

158 1832 223 1867 nia
250 1831 415 1867 vulnera
441 1834 618 1867 tumores
652 1840 741 1865 eam
769 1829 979 1865 contritam
1005 1829 1198 1873 inponito.
1243 1829 1344 1865 haec
1371 1830 1508 1865 omnia

158 1885 292 1920 ulcera
318 1884 504 1930 purgabit
531 1893 711 1928 sanaque
736 1882 854 1918 faciet
880 1882 967 1918 sine
994 1882 1143 1917 dolore.
1184 1882 1327 1918 eadem
1355 1883 1509 1918 tumida

160 1938 385 1983 concoquit,
408 1938 551 1973 eadem
573 1936 755 1981 erumpit,
777 1936 921 1971 eadem
942 1935 1107 1970 vulnera
1135 1935 1272 1979 putida
1300 1945 1507 1972 canceres-

206 2078 227 2109 6
254 2078 377 2116 aquati
403 2078 483 2109 Keil
516 2075 642 2114 (immo
669 2077 745 2107 vini
778 2084 886 2114 quam
921 2076 1107 2106 minimum
1140 2075 1252 2114 idque
1284 2073 1473 2114 aquatum)

161 2126 178 2156 7
207 2125 326 2157 febres
352 2125 430 2157 Pol.
458 2124 498 2156 cf
524 2124 634 2156 febris
669 2122 766 2154 Abv
809 2120 820 2162 Η
864 2122 908 2154 20
934 2126 1205 2161 commutatque
1235 2122 1320 2154 Vict.
1347 2129 1509 2154 comme-

159 2176 284 2212 tatque
338 2169 349 2211 ΙΙ
405 2172 445 2203 21
488 2172 588 2203 arida
626 2170 706 2202 Keil
750 2170 850 2201 arido
898 2167 902 2208 Ι
955 2171 1043 2202 add.
1083 2170 1163 2201 Keil
1214 2168 1218 2207 Ι
1270 2178 1392 2200 amara
1428 2169 1510 2201 Keil

160 2228 282 2251 amaro
319 2216 331 2257 ΙΙ
369 2219 412 2250 22
440 2221 528 2251 add.
556 2227 576 2250 c
617 2216 621 2257 Ι
663 2218 889 2249 conmixtura
922 2217 1001 2249 Keil
1027 2218 1300 2248 commixturam
1338 2213 1350 2255 ΙΙ
1387 2216 1431 2248 23
1454 2215 1509 2256 Cf.

160 2268 254 2299 Plin.
276 2270 325 2305 19,
348 2270 426 2303 136,·
451 2270 502 2304 20,
521 2269 559 2297 79
578 2263 589 2305 11
610 2265 654 2297 26
676 2266 805 2304 apiaca
825 2273 921 2303 quae
940 2268 1089 2296 vocatur
1108 2265 1201 2295 Plin.
1218 2267 1265 2301 19,
1288 2267 1348 2294 136
1373 2264 1507 2303 Ieyisse

162 2315 309 2346 videtur
335 2314 452 2345 Keilio
472 2311 483 2353 Π
503 2313 547 2344 28
574 2316 611 2345 et
638 2313 723 2343 item
751 2309 802 2351 (et
829 2320 899 2342 om.
925 2311 957 2343 V
984 2313 1071 2343 adel.
1099 2310 1248 2351 apoyr.)
