1575 2470
597 396 985 448 PRAEFATIO

170 526 263 561 Plus
302 536 421 571 quam
460 524 602 570 viginti
642 524 820 570 quinque
857 525 949 559 anni
984 525 1270 570 praeterierunt
1304 535 1353 560 ex
1381 536 1459 571 quo

117 578 318 615 Catonis
339 579 401 614 De
421 578 718 624 agricultura
738 578 826 613 libri
842 578 1063 614 editionem
1078 579 1274 614 minorem
1290 578 1329 614 in
1351 579 1460 614 char-

114 633 164 668 tis
184 632 381 668 Henrici
396 632 503 667 Keil
525 631 704 667 relictam
727 634 764 667 et
785 631 1100 677 propinquorum
1121 632 1329 668 voluntate
1345 642 1460 668 meae

110 686 206 722 fidei
222 686 547 722 commendatam
568 685 662 720 viris
684 685 812 721 doctis
833 684 1036 730 proposui.
1076 683 1197 720 Cuius
1219 695 1308 720 curn
1326 695 1458 720 exem-

115 739 240 785 plaria
276 739 471 775 exhausta
507 749 597 774 esse
631 738 854 783 bibliopola
889 738 1198 773 honestissimus
1237 739 1459 783 scripsisset

112 796 376 839 rogassetque
396 795 439 828 ut
459 803 592 829 novae
614 792 802 828 editionis
823 792 874 826 ad
897 792 1127 837 exemplum
1148 792 1339 827 librorum
1353 792 1458 828 Var-

114 848 246 884 ronis
261 848 311 882 de
326 856 367 882 re
384 846 531 882 rustica
551 856 574 881 a
594 856 659 882 me
674 847 974 881 retractatorum
995 845 1371 881 accommodandae
1393 855 1458 881 cu-

112 911 196 936 ram
222 900 426 941 haberem,
453 899 605 935 lubenti
633 899 769 934 animo
797 900 848 934 ad
871 897 1099 934 Catonem
1121 898 1276 934 reverti.
1294 898 1357 951 ‘A
1379 910 1458 945 quo

110 958 246 990 tamen
273 953 411 989 labore
437 962 489 988 ne
508 953 647 988 frustra
670 955 952 997 exspectentur
973 962 1077 997 quae
1098 952 1302 997 suscipere
1324 963 1346 987 a
1368 962 1458 988 meo

111 1007 281 1043 consilio
308 1007 485 1042 alienum
510 1007 592 1047 fuit,
621 1015 686 1041 me
712 1005 810 1041 nihil
832 1008 1038 1050 spectasse
1059 1015 1206 1041 moneo
1228 1005 1304 1041 nisi
1326 1009 1368 1041 ut
1389 1015 1459 1041 co-

111 1061 236 1097 dicis
262 1060 493 1096 Marciani
520 1059 690 1105 optimi
718 1059 997 1095 memoriam
1033 1059 1242 1105 diIIgentia
1270 1062 1308 1095 et
1337 1069 1457 1104 opera

111 1124 202 1149 cum
238 1113 406 1150 aliorum
430 1116 526 1149 -tum
553 1113 749 1149 Henrici
777 1113 881 1148 Keil
908 1113 1237 1158 redintegratam,
1271 1114 1343 1148 sed
1371 1113 1459 1148 abs-

110 1168 224 1204 tersis
266 1167 434 1203 maculis
475 1167 694 1202 levioribus
736 1166 984 1202 librariorum
1028 1167 1145 1211 culpa
1178 1166 1326 1207 inlatis,
1360 1176 1459 1212 quas

111 1221 276 1266 quidem
312 1231 394 1256 non
430 1221 517 1256 sine
554 1220 688 1265 aliqua
715 1220 863 1255 fiducia
894 1220 1079 1265 temptari
1112 1220 1294 1260 viderim,
1322 1221 1457 1256 denuo

114 1275 331 1320 philologis
358 1275 552 1310 offerrem.
603 1273 834 1309 Marciani
867 1277 1001 1308 autern
1030 1273 1218 1308 codicis
1246 1275 1458 1308 contextus

112 1329 318 1373 quomodo
334 1337 425 1363 cum
445 1328 625 1372 genuino
646 1327 848 1372 scriptoris
869 1326 1078 1371 opusculo,
1095 1327 1203 1371 quod
1219 1328 1356 1362 auctor
1371 1326 1457 1362 sive

111 1382 236 1417 edidit
265 1381 352 1417 sive
377 1381 465 1416 aliis
493 1381 697 1416 edendum
725 1380 900 1425 reliquit,
926 1380 1158 1415 cohaereret
1180 1389 1313 1424 quove
1335 1381 1456 1416 modo

110 1434 240 1480 prisca
265 1435 392 1470 forma
419 1435 561 1470 diurno
590 1437 628 1470 et
649 1434 803 1469 diutino
824 1444 897 1469 usu
921 1436 1072 1468 mutata
1091 1433 1284 1478 paulatim
1306 1433 1345 1468 in
1367 1443 1453 1469 eam

109 1488 389 1525 recensionem
425 1488 575 1523 abisset
611 1497 731 1533 quam
758 1487 905 1522 Varro
939 1487 1035 1532 legit
1063 1490 1101 1522 et
1126 1490 1217 1531 post
1245 1496 1337 1522 eum
1365 1487 1456 1522 Pli-

110 1542 234 1581 nius.
280 1541 353 1577 etsi
398 1551 591 1586 quaerere
629 1550 709 1577 non
755 1540 936 1585 neglexi,
977 1543 1017 1575 ut
1058 1541 1165 1585 quod
1205 1540 1455 1575 meditationi

111 1605 227 1631 meae
253 1605 335 1631 non
367 1605 448 1630 uno
481 1595 572 1631 loco
605 1604 675 1640 pro
709 1595 971 1629 fundamento
1002 1602 1091 1628 esse
1118 1593 1311 1633 debuerit,
1339 1593 1455 1638 pluri-

111 1650 186 1684 bus
223 1651 358 1684 tamen
397 1648 529 1684 verbis
567 1648 607 1683 in
652 1648 728 1684 hac
772 1647 1020 1693 praefatione
1059 1646 1244 1691 persequi
1289 1647 1455 1691 longum

111 1701 226 1746 fuit.¹)

170 1757 281 1792 Tres
315 1765 411 1791 vero
448 1755 613 1791 omnino
645 1753 1011 1790 emendationis
1047 1753 1152 1788 vias
1183 1755 1320 1798 patere
1356 1753 1457 1788 inter

112 1818 254 1844 omnes
281 1810 452 1844 constat:
499 1807 675 1848 Quarum
710 1818 815 1853 quae
848 1807 998 1852 prima
1026 1809 1102 1847 est,
1130 1806 1282 1842 scilicet
1309 1809 1351 1842 ut
1378 1816 1454 1842 co-

112 1862 235 1897 dicis
270 1862 515 1907 deperditi
551 1861 744 1906 scriptura
780 1862 868 1906 ipsa
903 1860 990 1896 sive
1023 1869 1120 1895 sana
1153 1860 1239 1895 sive
1273 1864 1455 1905 corrupta

117 1925 237 1960 quam
265 1915 573 1960 diligentissime
605 1918 871 1959 recuperetur,
906 1923 995 1949 eam
1025 1913 1177 1948 dudum
1209 1912 1316 1948 Keil
1354 1913 1456 1958 opti-

113 1978 179 2004 mo
206 1978 395 2004 successu
423 1969 632 2004 institerat:
661 1968 775 2004 cuius
797 1969 848 2003 de
869 1967 945 2002 hac
965 1976 1007 2001 re
1027 1967 1150 2001 verba
1172 1976 1221 2001 ex
1242 1967 1455 2011 proecdosi

111 2031 192 2057 non
219 2024 372 2057 mutata
397 2031 489 2057 mea
516 2031 605 2057 esse
631 2021 753 2057 volui.
795 2019 950 2056 ‘Paullo
979 2020 1177 2055 difficilius
1205 2024 1340 2055 autem
1374 2024 1455 2056 erat

112 2074 151 2109 in
179 2073 342 2110 Catonis
367 2074 467 2110 libro
500 2075 706 2120 archetypi
741 2075 937 2110 lectiones
971 2083 1108 2109 eruere
1141 2083 1261 2118 quarn
1289 2073 1328 2108 in
1355 2073 1454 2109 libro

172 2194 208 2237 1)
235 2196 286 2229 Cf.
313 2205 410 2228 nunc
448 2195 492 2227 A.
524 2196 900 2235 Kappelmacher.
937 2192 1101 2227 'Wiener
1133 2191 1280 2227 Blatter'
1310 2195 1322 2226 I
1362 2205 1394 2233 p.
1422 2196 1453 2231 4,

112 2245 173 2281 qui
200 2253 220 2274 a
250 2240 526 2276 ‘commentario
553 2244 599 2275 de
625 2240 854 2283 agricultura'
885 2244 1134 2282 proficiscitur.

1195 2299 1242 2333 1*
