1618 2470
444 77 505 112 De
532 78 617 123 agri
645 78 797 113 cultura
825 87 855 112 c.
886 78 1071 113 144-146
1384 84 1432 123 61

84 186 168 227 erit,
204 195 275 230 pro
312 194 361 220 eo
397 184 600 226 resoIvito,
637 187 705 219 aut
740 185 972 220 deducetur.
1024 185 1160 220 oleum
1197 195 1247 220 ne
1282 185 1438 230 tangito
1465 186 1488 220 2

84 238 225 275 utendi
252 247 373 274 causa
400 247 534 283 neque
553 238 711 273 furandi
732 247 866 279 causa,
887 237 963 273 nisi
985 238 1093 283 quod
1121 240 1256 273 custos
1284 238 1439 274 dederit

84 295 153 328 aut
173 291 372 328 dominus,
399 291 432 326 si
452 291 678 336 sumpserit,
699 291 738 326 in
759 290 940 336 singulas
966 290 1302 336 sumptionesss.
1323 299 1363 326 N.
1386 299 1439 325 XL

85 346 335 381 deducentur
360 354 494 390 neque
521 344 743 380 debebitur.
793 344 976 385 factores,
1004 344 1071 388 qui
1099 344 1234 379 oleum
1261 344 1438 385 fecerint,

85 408 227 434 omnes
253 398 410 434 iuranto
437 400 505 433 aut
531 398 582 432 ad
610 397 819 433 dominum
852 400 920 433 aut
946 398 998 432 ad
1031 398 1241 433 custodem
1270 407 1361 433 sese
1388 398 1438 433 de
1458 407 1475 434 5

82 452 209 487 fundo
236 451 275 487 L.
299 449 510 496 Man[i]li[i]
538 461 672 496 neque
693 451 816 486 alium
838 461 1084 496 quemquam
1106 461 1180 486 suo
1208 451 1303 487 dolo
1331 452 1437 486 malo

83 506 220 541 oleum
247 514 382 550 neque
408 505 541 540 oleam
568 504 827 550 subripuisse.
879 504 945 549 qui
980 514 1119 541 eorum
1147 515 1228 540 non
1256 505 1309 540 ita
1336 505 1438 540 iura·
1464 506 1486 541 3

85 558 196 599 verit,
230 568 335 604 quae
368 558 454 594 eius
481 568 572 603 pars
599 558 681 599 erit,
709 567 830 593 omne
864 558 1086 593 deducetur
1112 567 1247 603 neque
1273 558 1437 594 debebi-

84 615 156 647 tur.
208 612 363 648 socium
396 621 572 657 nequem
606 612 772 652 habeto,
801 611 876 646 nisi
910 621 1031 656 quem
1065 612 1254 647 dominus
1282 612 1438 647 iusserit

83 668 154 700 aut
174 667 321 701 custos.
356 665 489 710 siquid
516 664 782 710 redemptoris
803 674 926 710 opera
947 664 1113 700 domino
1136 665 1273 700 damni
1300 666 1437 700 datum
1460 674 1494 700 10

83 719 174 761 erit,
201 719 273 754 viri
306 719 402 754 boni
434 718 621 754 arbitratu
656 719 888 754 deducetur.
940 719 972 754 si
1006 717 1265 764 vir<i>de[m]
1303 719 1437 754 oleum

82 782 188 817 opus
214 772 300 813 siet,
327 771 458 808 facito.
510 772 677 807 accedet
703 772 839 808 oleum
868 774 905 807 et
932 772 1017 807 sale
1043 781 1143 807 suae
1170 772 1301 808 usioni
1330 773 1438 817 quod

84 826 182 861 satis
207 826 293 867 siet,
320 825 521 861 vasatium
547 825 639 861 vict.
667 834 706 860 11.

133 878 275 915 Oleam
308 879 555 924 pendentem
587 879 663 914 hac
696 879 788 924 lege
815 879 954 914 venire
981 882 1149 924 oportet.
1201 879 1292 915 olea
1344 878 1511 924 [CXLVI

85 933 268 977 pendens
295 932 335 968 in
361 932 486 968 fundo
514 932 687 968 Venafro
711 932 876 968 venibit.
922 932 989 978 qui
1016 933 1149 968 oleam
1178 933 1328 973 emerit,
1356 943 1438 968 am-
1460 941 1493 968 15

85 985 190 1031 plius
216 996 337 1032 quam
364 986 503 1031 quanti
531 986 671 1022 emerit
697 986 829 1022 omnis
855 986 1055 1031 pecuniae
1076 986 1297 1022 centesima
1325 996 1438 1022 acce-

84 1040 164 1081 det,
191 1039 452 1085 praeconium
473 1049 665 1085 praesens
675 1045 749 1075 —SS-.
772 1047 795 1074 L
815 1042 855 1075 et
875 1039 1028 1075 oleum:
1056 1039 1249 1075 romanici
1271 1047 1305 1074 P.
1327 1049 1379 1074 00
1399 1047 1439 1080 D,

84 1116 223 1152 viridis
249 1124 283 1152 Ρ.
305 1123 374 1159 CC,
408 1117 524 1153 oleae
565 1117 744 1153 caducae
771 1104 803 1155 191
838 1125 878 1157 L,
919 1116 1121 1152 strictivae
1154 1104 1188 1155 191
1215 1124 1261 1158 X,
1301 1117 1438 1153 modio

83 1169 237 1206 oleario
258 1180 443 1206 mensum
465 1171 571 1211 dato,
593 1170 784 1216 unguinis
811 1178 845 1206 Ρ.
866 1178 906 1205 Χ.
934 1170 1182 1215 ponderibus
1210 1170 1438 1216 modiisque

83 1223 239 1259 domini
273 1224 368 1259 dato
394 1222 423 1268 †
448 1223 493 1259 iri
519 1224 578 1269 pri
610 1224 763 1269 primae
797 1224 952 1259 cotulas
985 1224 1097 1259 duas.
1150 1223 1236 1259 dies
1269 1226 1438 1269 argento
1465 1221 1487 1255 2

83 1286 135 1311 ex
163 1276 206 1312 K.
233 1276 335 1313 Nov.
363 1287 548 1313 mensum
576 1284 603 1311 x
630 1277 747 1313 oleae
780 1277 982 1322 legendae
1008 1277 1221 1312 faciendae
1249 1287 1354 1322 quae
1380 1277 1438 1313 lo-
1458 1282 1489 1308 21

83 1332 174 1365 cata
201 1333 278 1372 est,
313 1333 351 1366 et
377 1330 409 1366 si
443 1334 599 1376 emptor
631 1330 787 1372 locarit,
818 1330 952 1366 Idibus
985 1331 1144 1366 solvito,
1195 1333 1303 1366 recte
1336 1331 1438 1366 haec

84 1383 170 1418 dari
201 1383 370 1429 fierique
401 1384 579 1430 satisque
613 1384 696 1419 dari
731 1384 915 1425 domino,
949 1387 1017 1419 aut
1050 1384 1113 1420 cui
1146 1384 1322 1426 iusserit,
1349 1394 1438 1430 pro-

84 1436 229 1472 mittito
261 1437 439 1482 satisque
472 1438 566 1473 dato
599 1437 787 1473 arbitratu
821 1437 986 1473 domini.
1038 1438 1229 1474 donicum
1262 1438 1438 1474 solutum

84 1489 158 1525 erit
183 1492 252 1525 aut
282 1490 336 1526 ita
367 1490 464 1526 satis
497 1491 635 1526 datum
669 1491 757 1532 erit,
785 1501 890 1536 quae
922 1491 962 1526 in
995 1491 1119 1527 fundo
1155 1491 1279 1527 inlata
1312 1494 1437 1532 erunt,
1458 1496 1494 1523 25

84 1542 241 1588 pigneri
273 1545 410 1580 sunto:
444 1544 595 1589 nequid
629 1554 767 1580 eorum
801 1545 853 1580 de
884 1545 1009 1580 fundo
1043 1545 1272 1590 deportato:
1305 1545 1438 1591 siquid

83 1596 367 1641 deportaverit,
395 1597 547 1633 domini
576 1600 674 1634 esto.
725 1608 824 1633 vasa
849 1599 1014 1640 torcula,
1040 1599 1167 1639 funes,
1195 1599 1337 1639 scalas,
1362 1601 1439 1634 tra-
1464 1595 1486 1630 3

85 1653 213 1693 petos,
239 1650 372 1695 siquid
405 1652 444 1686 et
476 1650 573 1686 aliut
606 1652 744 1686 datum
771 1652 854 1691 erit,
887 1652 1000 1687 salva
1032 1654 1140 1687 recte
1166 1652 1336 1693 reddito,
1362 1652 1438 1688 nisi

83 1712 191 1747 quae
216 1705 416 1739 vetustate
435 1704 558 1740 fracta
579 1707 705 1740 erunt.
745 1705 777 1740 si
798 1715 880 1740 non
901 1705 1053 1745 reddet,
1075 1714 1250 1750 aequom
1277 1705 1437 1743 solvito.

84 1755 118 1791 si
146 1758 301 1801 emptor
326 1757 472 1803 legulis
500 1760 538 1793 et
562 1757 796 1799 factoribus,
823 1758 891 1803 qui
918 1758 998 1794 illic
1025 1768 1127 1803 opus
1152 1759 1330 1800 fecerint,
1356 1769 1438 1795 non
1457 1763 1493 1790 30

84 1808 261 1850 solverit,
283 1810 347 1845 cui
367 1810 452 1846 dari
472 1811 684 1856 oportebit,
705 1812 738 1848 si
760 1811 949 1847 dominus
970 1812 1091 1852 volet,
1112 1812 1254 1848 solvat.
1283 1815 1439 1858 emptor

84 1862 253 1898 domino
280 1863 428 1899 debeto
456 1866 494 1899 et
520 1864 560 1899 id
587 1864 683 1900 satis
710 1865 816 1906 dato,
841 1874 995 1910 proque
1016 1874 1064 1900 ea
1084 1874 1126 1899 re
1153 1865 1206 1900 ita
1228 1865 1283 1900 uti
1305 1872 1337 1900 s.
1360 1872 1392 1901 S.
1414 1873 1439 1899 E

84 1915 182 1950 item
208 1915 367 1961 pignori
393 1919 523 1953 sunto.

137 2085 152 2116 1
169 2088 273 2117 erunt
287 2086 384 2118 Keil:
399 2088 510 2119 immo
525 2088 608 2120 olea
622 2090 922 2120 subaudiendum
943 2086 953 2128 ΙΙ
973 2088 994 2119 6
1009 2088 1136 2120 Manlii
1151 2098 1173 2120 v
1194 2086 1205 2129 il
1227 2089 1265 2121 11
1283 2090 1400 2122 uiride
1414 2099 1437 2120 v

85 2132 187 2164 virde
212 2133 359 2165 Jordan
379 2131 390 2173 Η
414 2134 455 2166 14
482 2134 521 2166 R.
549 2134 638 2167 CLV
665 2136 739 2168 Lex
771 2137 878 2168 oleae
905 2136 1101 2174 pendentis
1120 2133 1131 2176 ΙΙ
1153 2136 1195 2168 17
1223 2137 1295 2169 olei
1321 2137 1403 2169 Keil

88 2178 132 2210 20
157 2181 305 2219 siynum
326 2183 562 2222 corruptelae
582 2184 670 2215 add.
688 2185 779 2223 post
804 2185 901 2215 alios
921 2183 1012 2215 Keil.
1039 2183 1151 2223 frugis
1178 2185 1316 2222 primae
1334 2184 1438 2216 Ηαιι·

85 2227 142 2257 ler
169 2236 208 2267 p.
227 2231 270 2259 26
310 2226 321 2267 Η
365 2228 408 2261 23
436 2230 493 2261 cui
524 2231 668 2262 iusserit
699 2232 843 2270 optima
876 2240 1008 2270 apoyr.
1047 2232 1105 2262 cui
1138 2232 1193 2263 ius
1225 2232 1291 2264 erit
1316 2232 1395 2264 Pol.
1428 2229 1438 2270 Η

84 2272 132 2304 28
164 2274 275 2313 siquit
313 2279 348 2308 et
386 2276 474 2307 aliut
505 2278 629 2309 codex.
670 2281 704 2309 et
743 2278 865 2316 siquid
903 2278 1001 2309 aliud
1039 2278 1133 2316 lac.,·
1171 2279 1217 2318 cf.
1249 2279 1440 2319 Loefstedt

91 2316 252 2361 'Pereyn
279 2319 400 2355 Aeth?
426 2334 463 2363 p.
483 2327 547 2355 317

161 2381 245 2411 Cato
266 2383 315 2410 De
337 2384 406 2416 agri
429 2384 560 2412 cultura
581 2386 632 2411 ed.
655 2385 785 2413 Goetz
1179 2382 1202 2416 6
