1618 2470
475 119 536 154 De
564 120 647 164 agri
675 120 828 155 cultura
855 129 886 154 c.
915 119 1103 155 112-118
1418 127 1466 164 51

120 237 258 262 earum
285 227 441 262 radices
468 226 756 262 circumsecato
783 229 822 261 et
848 228 1029 271 purgato.
1081 227 1229 261 veratri
1258 225 1387 271 (atri)
1415 237 1473 261 ra-

119 281 233 316 dices
259 279 495 316 contundito
522 279 562 314 in
588 279 680 325 pila,
702 289 771 315 eas
798 279 954 315 radices
982 279 1076 314 dato
1105 280 1253 315 circum
1281 279 1406 315 vitem
1435 284 1473 315 et

121 337 272 370 stercus
310 335 427 369 vetus
466 335 505 368 et
544 333 719 369 cinerem
751 335 931 368 veterem
974 335 1011 368 et
1045 333 1145 368 duas
1181 335 1313 378 partes
1346 336 1474 368 terrae

120 387 368 423 circumdato
400 385 556 422 radices
582 386 685 422 vitis.
736 388 881 421 terram
914 386 1078 431 insuper
1111 386 1259 422 inicito.
1312 386 1389 422 hoc
1416 387 1473 421 vi·
1500 388 1521 422 2

122 450 217 476 num
252 449 434 476 seorsum
470 439 607 485 legito.
658 439 690 475 si
722 440 837 475 voles
874 448 1034 475 servare
1071 439 1110 474 in
1144 442 1387 475 vetustatem
1424 441 1475 474 ad
1511 449 1528 475 5

120 494 256 528 alvum
277 493 536 533 movendam,
557 496 728 534 servato,
750 502 802 528 ne
823 492 1076 528 conmisceas
1097 502 1188 528 cum
1210 496 1344 528 cetero
1365 492 1473 528 vino.

122 548 173 582 de
200 556 250 583 eo
276 546 372 582 vino
400 548 560 591 cyatum
588 546 734 581 sumito
762 548 800 581 et
827 545 995 581 misceto
1030 556 1135 590 aqua
1162 549 1200 582 et
1227 546 1353 582 bibito
1381 550 1473 581 ante

117 610 276 636 cenam.
327 600 414 636 sine
441 599 621 645 periculo
648 600 784 634 alvum
812 599 1004 635 movebit.

168 653 210 689 In
236 654 376 689 vinum
403 656 578 688 mustum
604 653 749 688 veratri
777 652 848 688 atri
882 653 1132 697 manipulum
1160 652 1306 688 coicito
1334 653 1374 688 in
1426 651 1544 697 [CXV

118 707 367 752 amphoram.
404 706 472 742 ubi
499 706 595 741 satis
623 706 833 747 efferverit,
861 706 912 741 de
938 706 1034 741 vino
1063 706 1313 751 manipulum
1343 706 1528 741 eicit0.10

123 761 163 795 id
189 760 328 796 vinum
356 762 516 795 servato
544 760 595 795 ad
622 760 757 795 alvum
786 760 1045 795 movendam.

169 813 315 849 Vinum
343 814 394 848 ad
421 813 557 848 alvum
584 814 832 849 movendam
861 813 1115 849 concinnare.
1155 813 1259 849 vites
1288 822 1377 848 cum
1406 814 1473 848 ab·
1500 814 1521 848 2

119 867 431 912 laqueabuntur,
465 867 625 912 signato
658 866 832 907 rubrica,
865 876 916 902 ne
952 866 1180 901 admisceas
1213 876 1303 902 cum
1339 868 1473 902 cetero

117 920 223 956 vino.
273 920 342 955 tris
373 920 587 956 fasciculos
620 920 764 956 veratri
799 921 870 955 atri
906 919 1196 965 circumponito
1234 919 1381 955 circum
1415 930 1472 954 ra-

121 973 232 1009 dices
259 976 298 1009 et
322 976 467 1009 terram
494 973 657 1018 insuper
683 973 831 1009 inicito.
860 983 930 1018 per
956 972 1205 1008 vindemiam
1233 974 1284 1008 de
1311 973 1358 1008 iis
1385 973 1472 1008 viti·
1496 981 1528 1007 15

120 1027 195 1062 bus
227 1028 336 1072 quod
370 1026 582 1072 delegeris,
616 1036 798 1062 seorsum
832 1030 1004 1068 servato,
1032 1029 1193 1071 cyatum
1226 1026 1265 1061 in
1300 1029 1473 1062 ceteram

124 1080 331 1125 potionem
364 1080 502 1116 indito.
554 1080 688 1115 alvum
716 1080 896 1115 movebit
923 1082 961 1115 et
996 1079 1189 1125 postridie
1216 1080 1474 1125 perpurgabit

121 1133 210 1169 sine
234 1134 426 1179 periculo.

170 1186 327 1223 Lentim
354 1197 434 1232 quo
455 1188 578 1223 modo
599 1187 748 1222 servari
769 1189 963 1232 oporteat.
990 1186 1245 1231 laserpicium
1267 1189 1383 1222 aceto
1412 1185 1545 1231 [CXVI

123 1239 275 1282 diluito‚
302 1241 544 1285 permisceto
577 1240 716 1276 lentim
750 1242 865 1275 aceto
899 1239 1153 1285 laserpiciato
1187 1242 1226 1275 et
1258 1240 1398 1285 ponito
1433 1240 1471 1274 in
1493 1248 1527 1274 ευ

121 1293 219 1329 sole.
270 1297 411 1339 postea
436 1294 576 1330 lentim
604 1294 695 1330 oleo
722 1293 943 1338 perfricato,
971 1293 1091 1329 sinito
1118 1296 1282 1329 arescat.
1336 1293 1389 1328 ita
1417 1293 1472 1328 in—

120 1350 234 1392 tegra
259 1348 482 1383 servabitur
507 1349 626 1383 recte.

169 1398 295 1436 oleae
316 1401 433 1436 albae
453 1410 533 1446 quo
555 1401 678 1436 modo
700 1401 949 1436 condiantur.
977 1403 1194 1445 antequam
1216 1400 1356 1446 nigrae
1393 1399 1542 1445 [CXVII

118 1453 228 1495 fiant,
255 1455 552 1490 contundantur
579 1456 617 1489 et
643 1454 683 1489 in
711 1464 857 1499 aquam
885 1453 1118 1489 deiciantur.
1159 1454 1297 1489 crebro
1325 1464 1472 1499 aquam

121 1508 257 1543 mutet.
308 1507 469 1549 deinde,
502 1507 570 1543 ubi
604 1507 701 1543 satis
735 1510 962 1543 maceratae
990 1509 1114 1548 erunt,
1144 1507 1340 1552 exprimat
1368 1509 1406 1543 et
1432 1507 1472 1542 in
1492 1515 1530 1542 25

120 1562 279 1595 acetum
313 1560 457 1596 coiciat
484 1563 522 1596 et
549 1561 684 1596 oleum
718 1561 858 1601 addat,
886 1560 980 1596 salis
1007 1561 1195 1596 selibram
1224 1561 1263 1596 in
1291 1561 1471 1596 modium

120 1613 311 1649 olearum.
361 1613 580 1649 feniculum
615 1616 653 1650 et
680 1614 893 1649 lentiscum
926 1624 1108 1649 seorsum
1141 1615 1289 1650 condat
1315 1614 1355 1650 in
1382 1623 1471 1649 ace-

119 1669 216 1703 tum.
255 1667 287 1701 si
314 1677 395 1702 una
421 1667 647 1703 admiscere
673 1667 799 1708 voles,
827 1667 906 1703 cito
927 1666 1088 1712 utito[r].
1127 1667 1167 1702 in
1188 1667 1366 1704 orculam
1394 1668 1471 1732 cal-

123 1721 224 1756 cato.
275 1720 461 1756 manibus
488 1720 616 1761 siccis,
644 1731 735 1756 cum
762 1721 817 1756 uti
845 1721 971 1761 voles,
999 1720 1157 1756 sumito.
1492 1728 1527 1755 29

168 1770 310 1808 oleam
337 1773 482 1814 albam,
504 1784 624 1819 quam
651 1774 877 1810 secundum
904 1774 1153 1809 vindemiam
1181 1774 1237 1809 uti
1264 1783 1334 1809 vo·
1374 1772 1543 1819 [CXVIII

170 1888 184 1919 1
214 1889 303 1920 add.
329 1889 437 1921 Pont.
459 1898 503 1921 ex
527 1887 620 1929 9116
647 1898 811 1922 seorsum
839 1893 928 1922 ante
954 1893 1097 1922 servato
1124 1890 1214 1922 add.
1233 1890 1314 1922 Keil
1340 1899 1383 1922 ex
1411 1889 1471 1926 16;

116 1935 164 1974 cf.
190 1935 334 1967 Hauler
355 1946 393 1976 ρ.
414 1940 454 1968 24
488 1935 492 1975 Ι
533 1946 581 1969 ne
607 1938 850 1970 commisceas
877 1947 1009 1977 apoyr.
1042 1946 1111 1970 nec
1137 1938 1378 1969 commisceas
1403 1936 1436 1969 V

121 1982 140 2013 7
167 1985 310 2023 cyatum
337 1983 390 2015 Af
416 1985 585 2024 cyathum
611 1985 672 2017 Vc
691 1982 702 2024 ΙΙ
722 1985 743 2016 9
770 1985 809 2016 R.
838 1984 978 2017 CXXIII
1005 1985 1044 2016 In
1070 1985 1196 2016 uinum
1224 1987 1380 2017 mustum
1407 1993 1469 2017 ue-

118 2030 201 2062 ratri
227 2031 292 2061 atri
332 2029 338 2069 Ι
379 2030 432 2070 Cf.
454 2031 550 2064 Ptin.
571 2036 620 2071 14,
637 2036 696 2064 110
739 2030 750 2071 Η
796 2032 837 2064 12
865 2032 904 2064 R.
933 2031 1089 2064 CXXIIII
1115 2032 1249 2064 Vinum
1277 2032 1324 2064 ad
1349 2032 1469 2064 aluum

121 2077 340 2110 mouendam
384 2075 395 2117 Η
441 2078 483 2110 16
516 2088 680 2111 seorsum
706 2086 734 2111 v
765 2088 911 2112 seorsus
964 2078 968 2117 Ι
1022 2082 1164 2120 cyatum
1198 2079 1242 2111 bi
1277 2080 1410 2112 eiatum
1437 2079 1470 2111 A

118 2125 288 2165 cyathum
315 2125 375 2157 Vc
395 2122 406 2164 Ιὶ
427 2125 470 2157 19
496 2126 536 2158 R.
564 2125 691 2158 CXXV
716 2127 857 2159 Lentim
884 2127 1072 2166 quomodo
1099 2135 1223 2159 serues
1254 2125 1259 2165 Ι
1293 2126 1347 2167 Cf.
1374 2127 1469 2159 Plin.

121 2175 171 2209 18,
189 2175 252 2204 308
294 2170 306 2212 Η
349 2172 393 2205 23
427 2172 467 2204 R.
501 2172 642 2205 CXXVI
683 2173 797 2206 Oleae
833 2175 939 2206 albae
984 2175 1172 2213 quomodo
1217 2174 1436 2206 condiantur

120 2219 309 2257 quomodo
336 2228 369 2251 m
397 2229 505 2259 quem
531 2218 542 2260 ΙΙ
568 2221 613 2253 24
642 2222 679 2253 in
706 2230 837 2261 aquarn
864 2219 916 2259 (in
944 2230 1040 2260 aqua
1059 2222 1092 2254 V
1111 2223 1149 2253 in
1176 2230 1308 2261 aquam
1335 2231 1468 2261 apoyr.

116 2265 173 2297 et*
195 2265 297 2306 vict.)
340 2264 351 2306 Η
396 2267 440 2298 26
476 2268 636 2300 modium
670 2266 834 2307 (modurn
860 2269 893 2301 V
919 2269 1080 2301 modium
1117 2267 1266 2309 apogr.)
1296 2266 1372 2308 1128
1398 2270 1468 2301 del.

121 2313 200 2345 Keil
246 2311 258 2353 Π
307 2314 352 2347 30
384 2314 424 2346 R.
457 2313 614 2346 CXXVII
658 2315 786 2348 Oleam
833 2317 950 2348 albam
997 2317 1199 2348 secundum
1244 2316 1466 2348 uindemiam

118 2369 228 2398 quarn
257 2364 367 2393 utaris
