1618 2470
177 61 233 99 22
774 54 936 91 Catonis

176 162 437 198 fundamenta
464 170 497 198 P.
521 170 545 196 11
573 163 705 198 facito.
733 163 995 198 fundamenta
1022 164 1193 208 primum
1220 165 1428 205 festucato,
1456 174 1524 209 po-

176 218 261 251 stea
288 215 509 251 caementis
536 216 698 251 minutis
723 218 762 251 et
783 216 893 251 calce
914 216 1106 252 harenato
1128 217 1379 262 semipedem
1400 227 1524 252 unum

176 270 367 315 quodque
395 269 547 305 corium
569 269 719 305 struito.
747 269 980 314 pavimenta
1001 270 1052 305 ad
1072 270 1179 305 hunc
1200 270 1366 306 modum
1387 269 1524 306 facito:

176 323 244 358 ubi
269 323 487 363 libraveris,
516 323 566 358 de
592 323 730 368 glarea
758 325 796 358 et
823 323 934 358 calce
954 323 1148 359 harenato
1174 323 1346 368 primum
1373 323 1524 359 corium

138 376 311 417 §facita
344 376 384 411 id
417 376 508 421 pilis
541 376 735 421 subigito,
768 377 877 411 idem
914 377 1081 412 alterum
1115 377 1266 412 corium
1297 377 1434 412 facito:
1475 386 1524 412 eo

176 429 329 465 calcem
363 429 490 465 cribro
524 429 751 465 subcretam
784 429 912 465 indito
949 430 1028 465 alte
1065 430 1213 475 digitos
1250 430 1348 471 duo,
1385 430 1438 465 ibi
1475 430 1526 465 de

175 485 277 518 testa
309 482 420 518 arida
453 482 729 527 pavimentum
763 483 919 519 struito:
953 483 1020 518 ubi
1054 485 1245 518 structum
1274 483 1355 524 erit,
1389 482 1526 528 pavito

126 534 150 569 8
174 535 406 581 fricatoque,
444 535 498 570 uti
535 535 812 580 pavimentum
849 537 1001 571 bonum
1037 537 1123 572 siet.
1175 536 1337 572 arbores
1371 536 1526 581 stipites

174 589 358 625 robustas
384 589 503 624 facito
531 591 598 624 aut
625 589 777 634 pineas,
823 590 854 625 si
881 590 1014 625 trabes
1041 590 1217 625 minores
1243 590 1373 625 facere
1398 590 1524 629 voles,

122 648 157 675 10
177 643 328 678 canalis
350 646 460 678 extra
481 642 711 678 columnam
728 643 918 688 expolito.
945 643 977 678 si
1000 643 1053 678 ita
1067 643 1219 684 feceris,
1233 643 1366 678 trabes
1386 650 1421 679 P.
1435 650 1523 677 XXII

125 695 148 729 9
174 696 323 741 longae
350 706 452 741 opus
481 699 605 731 erunt.
633 697 772 732 orbem
800 696 994 732 olearium
1019 697 1142 732 latum
1170 705 1282 733 P.1111
1310 697 1525 732 Punicanis

175 749 427 794 coagmentis
454 748 586 789 facito,
615 758 791 784 crassum
820 750 968 795 digitos
989 757 1031 784 vr
1058 750 1189 791 facito,
1217 750 1440 786 subscudes
1467 750 1524 784 ili-

174 812 302 848 gneas
329 802 523 837 adindito.
552 811 620 837 eas
642 803 710 838 ubi
733 803 957 844 confixeris‚
987 803 1110 839 clavis
1133 803 1289 839 corneis
1311 803 1524 839 occludito.

174 856 214 891 in
242 865 335 891 eum
363 856 501 891 orbem
529 855 597 890 tris
624 859 787 892 catenas
814 856 953 892 indito.
982 866 1051 891 eas
1079 859 1241 892 catenas
1269 866 1359 891 cum
1387 855 1523 901 orbi[s]

121 916 154 942 15
175 909 298 945 clavis
331 909 467 945 ferreis
501 909 700 954 corrigito.
740 910 879 946 orbem
908 919 956 945 ex
993 910 1102 944 ulmo
1135 912 1203 944 aut
1230 919 1278 945 ex
1307 910 1442 954 corylo
1469 910 1524 944 fa-

175 962 270 998 cito:
298 962 330 998 si
357 965 571 1007 utrumque
597 962 778 1003 habebis,
806 963 979 998 alternas
1007 963 1146 998 indito.

103 1014 254 1061 XVIIII]
319 1016 361 1051 In
388 1026 486 1051 vasa
507 1011 660 1052 vinaria
686 1016 841 1061 stipites
868 1016 1114 1061 arboresque
1140 1016 1244 1051 binis
1270 1016 1442 1061 pedibus
1470 1016 1522 1050 al-

174 1069 294 1105 tiores
321 1069 452 1110 faeito,
481 1079 600 1114 supra
626 1069 822 1104 foramina
849 1070 1053 1110 arborum,
1081 1070 1229 1114 pedem
1256 1078 1442 1114 quaeque
1468 1069 1523 1104 uti

174 1122 313 1163 absiet,
341 1132 446 1157 unae
472 1122 622 1158 fibulae
648 1122 782 1158 locum
804 1122 934 1158 facito.
974 1122 1226 1167 semipedem
1248 1131 1412 1167 quoquo
1438 1131 1523 1157 ver-

119 1183 154 1210 20
175 1186 262 1211 sum
290 1176 329 1211 in
357 1176 537 1211 suculam
565 1185 663 1211 sena
695 1175 891 1211 foramina
923 1175 1061 1211 indito.
1107 1176 1286 1211 foramen
1313 1175 1423 1220 quod
1448 1175 1524 1220 pri-

174 1239 284 1264 mum
310 1229 433 1265 facies
454 1229 707 1274 semipedem
729 1229 779 1264 ab
802 1228 964 1264 cardine
984 1229 1115 1269 facito,
1144 1231 1276 1264 cetera
1297 1227 1523 1273 divi<di>t0

122 1282 147 1316 2
174 1292 294 1328 quam
321 1283 554 1318 rectissime.
607 1282 815 1328 porculum
843 1282 882 1317 in
910 1282 1044 1317 media
1077 1282 1217 1317 sucula
1242 1282 1373 1317 facito.
1425 1281 1526 1316 inter

173 1336 335 1372 arbores
363 1336 541 1371 medium
569 1336 679 1381 quod
707 1335 789 1376 erit,
810 1335 851 1370 id
873 1335 923 1370 ad
945 1335 1121 1370 mediam
1143 1334 1433 1379 conlib<r>ato‚
1455 1334 1522 1369 ubi

173 1389 382 1434 porculum
408 1389 534 1434 figere
562 1388 773 1434 oportebit,
794 1388 849 1423 uti
871 1388 910 1423 in
938 1388 1074 1423 medio
1095 1387 1249 1432 prelum
1270 1389 1377 1422 recte
1404 1387 1522 1422 situm

119 1450 153 1477 ὅ
173 1443 259 1478 siet.
310 1443 503 1488 lingulam
539 1453 629 1478 curn
662 1442 796 1481 facies,
824 1442 875 1476 de
908 1441 1044 1476 medio
1077 1440 1187 1485 prelo
1222 1439 1455 1480 conlibrato,
1482 1443 1524 1475 ut

173 1496 274 1531 inter
299 1496 461 1532 arbores
488 1496 593 1531 bene
627 1494 858 1535 conveniat,
886 1494 1056 1539 digitum
1090 1493 1278 1538 pollicem
1305 1493 1522 1528 laxamenti

172 1549 302 1585 facito.
348 1552 486 1584 vectes
513 1548 773 1594 longissimos
801 1556 834 1583 P.
855 1554 962 1588 X11X‚
989 1547 1192 1582 secundos
1218 1553 1253 1580 P.
1274 1553 1359 1587 XV1‚
1386 1545 1523 1581 tertios

172 1610 205 1637 P.
227 1609 297 1643 XV,
325 1602 575 1637 remissarios
602 1609 635 1637 P.
658 1609 727 1642 ΧΠ,
756 1601 902 1636 alteros
929 1608 962 1636 P.
984 1607 1024 1640 x,
1052 1599 1189 1634 tertios
1216 1606 1249 1633 P.
1265 1606 1350 1634 V111.

101 1654 185 1700 XX]
268 1655 483 1700 Trapetum
511 1664 590 1700 quo
619 1655 741 1690 modo
769 1654 1011 1690 concinnare
1032 1654 1226 1697 oporteat.
1266 1651 1521 1687 columellam

117 1716 153 1743 30
172 1709 350 1749 ferream,
373 1718 477 1754 quae
504 1709 543 1743 in
572 1708 741 1743 miliario
770 1710 857 1748 stat,
880 1717 969 1742 eam
996 1709 1144 1742 rectam
1173 1708 1277 1740 stare
1304 1707 1461 1749 oportet
1482 1704 1521 1739 in

172 1762 307 1797 medio
336 1762 386 1797 ad
413 1761 759 1807 perpendiculum,
782 1760 920 1796 cuneis
953 1759 1119 1805 salignis
1153 1758 1373 1803 circumfigi
1406 1767 1521 1803 opor-

171 1818 226 1850 tet
246 1816 362 1856 bene,
385 1824 435 1850 eo
456 1815 666 1859 plumbum
694 1814 910 1854 effundere,
939 1816 1081 1848 caveat
1100 1812 1140 1847 ni
1167 1812 1275 1847 labet
1296 1811 1521 1847 columella.

217 1919 238 1950 4
264 1919 439 1951 harenato
466 1928 598 1958 apoyr.
625 1921 775 1950 arenato
796 1917 827 1950 V
846 1914 857 1957 ΙΙ
880 1917 921 1948 12
948 1916 1151 1948 subscudes
1178 1925 1310 1956 apoyr.
1337 1915 1515 1947 suscudes

169 1966 202 1998 V
221 1963 232 2005 H
266 1966 308 1998 14
334 1967 411 1998 orbi
438 1966 518 1998 Keil
545 1966 693 1997 orbibus
720 1974 743 1996 v
769 1962 780 2005 Η
813 1965 855 1996 17
884 1964 923 1996 R.
943 1963 1038 1995 XXII
1064 1963 1104 1994 In
1131 1972 1221 1995 uasa
1246 1964 1386 1994 uinaria
1411 1962 1514 2000 stipi-

168 2017 223 2045 tes
242 2010 254 2054 ss
276 2013 318 2045 18
345 2021 515 2052 quaeque
535 2022 558 2044 v
579 2015 726 2052 queque
745 2009 756 2052 ΙΙ
779 2011 821 2044 19
842 2013 986 2044 absient
1005 2020 1029 2042 v
1051 2007 1056 2050 Ι
1081 2010 1134 2050 Cf.
1156 2020 1184 2042 c.
1206 2013 1275 2048 135,
1291 2014 1311 2041 6
1329 2007 1339 2049 ΙΙ
1359 2009 1401 2040 21
1425 2010 1513 2040 ‹1ch.

170 2062 250 2093 cod.
276 2061 406 2092 Medic.
433 2069 465 2091 m
493 2062 529 2092 et
555 2070 649 2092 corr.
676 2060 708 2092 A
746 2059 756 2099 ΙΙ
794 2059 838 2092 23
865 2060 953 2092 add.
980 2059 1060 2090 cod.
1087 2058 1216 2090 Medic.
1242 2066 1276 2088 m
1307 2054 1318 2097 ΙΙ
1350 2056 1394 2088 25
1425 2064 1513 2088 con-

169 2109 297 2139 librato
324 2117 456 2147 apoyr.
483 2108 669 2139 conlibato
697 2107 775 2139 Pol.
800 2103 811 2145 11
837 2106 881 2138 29
908 2105 947 2137 R.
967 2105 1078 2137 XXIII
1105 2105 1297 2144 Trapetum
1325 2103 1513 2143 quomodo

168 2156 392 2187 concinnare
419 2158 586 2193 oporteat
620 2154 624 2193 Ι
664 2153 1091 2193 Trapetum—oporteat
1114 2154 1204 2192 post
1229 2152 1416 2183 rubricam
1445 2159 1515 2182 om.

174 2202 288 2235 Verba
309 2212 352 2234 ex
378 2203 528 2234 rubrica
555 2203 626 2234 huc
643 2203 754 2242 ponit
774 2201 915 2233 Gesner
946 2198 956 2239 ΙΙ
989 2200 1033 2232 32
1060 2201 1115 2231 ita
1136 2200 1303 2231 distinxi.
1325 2206 1371 2230 eo
1399 2198 1514 2236 plum-

171 2251 254 2281 bum
276 2249 473 2282 effundito:
495 2253 635 2285 caveto,
657 2250 693 2280 ni
714 2249 812 2280 labet
832 2248 870 2279 P.
880 2247 992 2280 Weise
1009 2247 1160 2287 Quaest.
1178 2245 1258 2278 Cat.
1271 2255 1309 2285 ρ.
1323 2249 1364 2277 99
1384 2241 1518 2284 (affun-

166 2298 255 2330 ¹<iere
281 2295 458 2337 Sylbury)
