1618 2470
448 106 506 141 De
533 106 618 151 agri
646 105 797 140 cultura
825 115 855 140 c.
886 105 1072 140 135—1-40
1387 112 1440 149 57

88 224 251 251 versum
271 213 402 249 facito.
430 213 587 248 tertium
609 214 808 257 trapetum
829 212 952 246 latum
973 219 1007 246 P.
1023 219 1091 252 1111,
1108 212 1208 247 inter
1229 212 1441 247 miliarium
1469 213 1490 248 7

92 272 131 304 et
157 268 311 304 labrum
338 275 373 301 P.
394 275 423 307 1,
455 266 611 302 labrum
645 265 793 310 digitos
820 272 859 306 V,
887 264 994 301 orbis
1026 265 1129 300 altos
1156 273 1189 300 P.
1218 273 1259 300 111
1294 266 1443 310 digitos

90 329 151 362 111,
178 329 334 357 crassos
360 327 394 355 Ρ.
422 328 432 354 1
467 321 506 355 et
532 319 681 364 digitos
708 326 747 353 11.
798 320 996 363 trapetum
1031 318 1097 353 ubi
1126 321 1331 354 arvectum
1361 319 1443 359 erit,

90 375 159 409 ubi
185 375 350 415 statues
377 373 431 409 ibi
459 372 768 408 accommodato
797 371 1135 416 concinnatoque.

139 427 379 464 Politionem
412 437 492 472 quo
519 427 637 471 pacto
666 423 910 470 <partiario>
939 424 1022 459 dari
1062 428 1255 470 oporteat.
1309 424 1513 470 [CXXXVI

88 481 130 516 in
157 489 255 526 agro
277 478 463 516 Casinate
491 482 528 515 et
542 478 716 514 Venafro
738 478 777 513 in
799 478 888 514 loco
910 479 1019 514 bono
1040 479 1141 523 parti
1162 481 1306 515 octava
1333 479 1442 515 corbi
1481 487 1498 512 6

90 534 261 574 dividat,
288 533 385 569 satis
417 533 526 568 bono
561 532 749 577 septima,
775 531 891 567 tertio
925 531 1016 567 loco
1050 534 1180 573 sexta;
1207 532 1240 568 si
1273 542 1443 577 granum

91 586 229 623 modio
256 586 420 627 dividet,
448 586 549 630 parti
570 585 719 630 quinta.
759 585 798 619 in
820 585 993 620 Venafro
1021 595 1118 630 ager
1139 586 1315 630 optimus
1336 595 1443 621 nona

89 639 190 685 parti
227 639 336 675 corbi
373 639 537 674 dividat.
587 638 619 674 si
657 638 924 674 communiter
959 638 1104 683 pisunt,
1133 649 1212 684 qua
1246 649 1295 675 ex
1332 642 1443 683 parte

90 692 251 738 politori
270 702 361 737 pars
383 695 453 733 est,
476 701 566 727 eam
587 695 741 737 partem
763 692 802 727 in
824 691 1033 736 pistrinum
1055 692 1212 737 politor.
1245 693 1441 728 hordeum
1466 700 1498 727 10

90 746 231 791 quinta
258 746 407 787 modio,
433 745 567 782 fabam
595 745 734 790 quinta
762 745 899 781 modio
927 745 1091 780 dividat.

138 799 308 835 Vineam
330 800 546 835 curandam
573 799 772 844 partiario.
812 799 918 834 bene
945 800 1054 834 curet
1080 799 1260 839 fundum,
1290 797 1512 840 [CXXXVII

89 853 307 894 arbustum,
334 862 475 898 agrurn
501 852 815 888 frumentarium.
855 852 1041 897 partiario
1062 852 1224 887 faenum
1254 855 1292 887 et
1319 852 1443 897 pabu-

89 906 184 947 ium,
212 906 322 951 quod
354 906 486 941 bubus
519 906 614 941 satis
648 906 740 946 siet,
769 905 835 950 qui
869 905 948 940 illic
982 905 1095 940 sient.
1149 908 1280 940 cetera
1308 905 1444 940 omnia

91 968 163 1004 pro
189 959 376 995 indiviso.
1468 968 1500 993 15

141 1012 277 1048 Boves
302 1012 409 1048 feriis
430 1013 678 1057 coniungere
705 1012 808 1047 licet.
855 1013 956 1047 haec
976 1012 1070 1047 licet
1090 1012 1238 1047 facere:
1276 1010 1515 1056 [CXXXVIII

87 1066 290 1101 arvehant
325 1066 446 1111 ligna,
481 1066 639 1107 fabalia,
674 1065 935 1106 frumentum,
973 1066 1082 1110 quod
1118 1074 1199 1101 non
1226 1064 1254 1109 ’1-
1281 1066 1445 1100 daturus

89 1118 175 1154 erit.
203 1118 332 1160 mulis,
354 1119 479 1164 equis,
501 1119 623 1154 asinis
643 1119 766 1154 feriae
787 1119 934 1160 nullae,
957 1119 1032 1154 nisi
1053 1119 1085 1154 si
1110 1119 1149 1153 in
1170 1119 1321 1154 familia
1341 1122 1443 1154 sunt.

138 1171 289 1208 Lucum
311 1173 525 1208 conlucare
546 1172 727 1208 Romano
753 1182 865 1208 more
880 1172 937 1208 sic
958 1174 1127 1217 oportet.
1155 1181 1277 1217 porco
1307 1170 1513 1217 [CXXXIX

90 1226 251 1270 piaculo
289 1226 420 1267 facito,
459 1226 515 1262 sic
554 1227 678 1262 verba
718 1226 936 1270 concipito:
967 1225 1014 1261 ‘si
1055 1226 1166 1266 deus,
1206 1225 1238 1260 si
1272 1226 1349 1261 dea
1388 1235 1443 1265 es,
1465 1234 1500 1260 20

91 1278 258 1323 quoium
284 1279 382 1314 illud
408 1289 563 1314 sacrum
593 1281 663 1320 est,
690 1279 746 1314 uti
772 1279 843 1314 tibi
879 1279 940 1314 ius
968 1281 1027 1314 est
1054 1288 1175 1323 porco
1203 1279 1363 1323 piaculo
1389 1279 1443 1314 fa-

90 1341 184 1367 cere
216 1332 371 1368 illiusce
404 1333 503 1368 sacri
538 1333 751 1368 coercendi
786 1342 883 1378 ergo
917 1332 1141 1377 harumque
1176 1342 1306 1367 rerum
1335 1342 1443 1378 ergo,

89 1385 178 1420 sive
205 1394 284 1430 ego
311 1385 397 1420 sive
424 1386 512 1431 quis
546 1386 655 1421 iussu
690 1395 782 1421 meo
814 1386 970 1427 iecerit,
998 1386 1053 1420 uti
1090 1385 1129 1420 id
1156 1388 1263 1421 recte
1295 1386 1442 1421 factum

88 1437 177 1479 siet,
206 1438 291 1473 eius
317 1438 374 1474 rei
402 1448 499 1484 ergo
526 1441 565 1474 te
592 1438 669 1474 hoc
702 1448 825 1484 porco
858 1439 1019 1483 piaculo
1053 1439 1289 1475 inmolando
1316 1439 1444 1475 bonas

91 1500 232 1536 preces
252 1501 403 1536 precor,
426 1492 481 1527 uti
508 1492 588 1528 sies
608 1492 751 1528 volens
772 1493 967 1537 propitIus
988 1492 1084 1527 mihi
1107 1493 1230 1528 domo
1251 1492 1443 1528 familiae-
1465 1501 1499 1527 25

91 1553 171 1589 que
204 1554 320 1580 meae
352 1545 568 1590 liberisque
602 1546 720 1581 meis:
754 1544 1004 1590 haru<m>ce
1031 1556 1160 1581 rerum
1189 1556 1286 1591 ergo
1314 1550 1445 1582 macte

89 1597 170 1633 hoc
204 1607 326 1642 porco
360 1598 521 1643 piaculo
555 1599 790 1635 inmolando
825 1599 939 1635 esto’.
992 1600 1024 1634 si
1056 1599 1195 1635 fodere
1227 1599 1352 1640 voles,
1405 1599 1517 1645 [CXL

141 1731 161 1763 2
188 1732 324 1763 labrum
349 1734 539 1771 posterius
566 1743 637 1765 om.
662 1733 695 1765 V
722 1735 808 1765 add.
838 1743 970 1773 apogr.
999 1735 1035 1765 et
1065 1734 1150 1765 Viet.
1181 1731 1185 1772 1
1223 1734 1319 1765 orbis
1353 1734 1444 1765 aiios

93 1777 174 1817 (ubi
200 1779 296 1810 orbis
323 1780 415 1811 altus
441 1780 529 1819 luc.)
553 1777 557 1819 Ι
586 1784 622 1812 et
648 1781 783 1820 digitos
810 1781 910 1818 Keil,·
937 1782 980 1820 cf.
1008 1781 1151 1812 Hcmler
1174 1791 1211 1820 ρ.
1234 1785 1272 1812 18
1304 1779 1314 1820 11
1346 1782 1367 1812 4
1394 1782 1443 1812 ibi

93 1827 372 1858 accommodato
399 1827 621 1867 Schoettyen
643 1829 693 1859 ibi
714 1837 734 1859 e
758 1826 809 1866 (et
829 1826 876 1867 V)
897 1829 1132 1860 commodato
1170 1826 1181 1867 11
1219 1829 1239 1859 5
1262 1828 1300 1860 R.
1323 1828 1444 1860 CXLV

92 1873 312 1905 Politionem
334 1883 406 1913 quo
435 1878 541 1913 pacto
563 1876 638 1907 dari
666 1878 833 1914 oporteat
855 1874 858 1912 1
882 1875 1333 1914 Politionem—oporteat
1357 1879 1446 1915 post

94 1922 193 1952 rubr.
223 1930 292 1952 om.
320 1923 357 1952 in
385 1923 492 1954 initio
519 1924 656 1962 capitis
680 1924 811 1962 posuit
836 1923 975 1955 Gesner
995 1920 1180 1961 (partiario
1208 1925 1329 1963 suppl.
1352 1924 1443 1961 Keil,

93 1968 312 2007 redemptori
339 1970 434 2000 idem
461 1971 498 2000 in
528 1979 656 2002 comm.
678 1979 721 2002 ex
747 1971 821 2002 ind.
846 1968 997 2008 CXLVI)
1019 1968 1070 2009 116
1099 1971 1188 2009 parti
1208 1971 1289 2003 Keil
1316 1974 1416 2009 parte
1435 1969 1445 2009 11

94 2015 115 2046 7
142 2016 242 2047 bono
263 2016 398 2048 Meurs.
420 2017 518 2048 bona
537 2014 547 2056 ΙΙ
571 2018 611 2049 12
639 2017 678 2049 R.
701 2017 839 2049 CXLVI
860 2017 1013 2049 Vineam
1035 2018 1254 2057 redemptori
1277 2019 1444 2056 partiario

90 2065 132 2094 ut
157 2063 223 2095 des
243 2060 254 2102 11
276 2063 318 2094 16
345 2062 384 2094 R.
407 2063 560 2096 CXLVII
582 2065 705 2097 Boues
727 2065 823 2097 feriis
845 2066 1070 2105 coniungere
1090 2066 1175 2097 licet
1197 2062 1201 2105 1
1227 2066 1281 2105 Cf.
1304 2065 1444 2098 Colum.

92 2114 124 2148 2,
144 2114 193 2148 21,
213 2107 263 2150 511
285 2110 327 2142 17
360 2113 611 2151 corruptelam
644 2114 827 2144 indicavit
852 2113 948 2148 Keil.
985 2113 1080 2144 idem
1108 2113 1208 2152 quod
1234 2113 1446 2145 conditurus

95 2159 133 2188 in
159 2166 289 2190 comm.
308 2154 320 2197 11
343 2158 385 2189 19
412 2157 451 2190 R.
473 2158 642 2191 CXLVIII
668 2161 748 2192 loeo
777 2161 1034 2199 inscriptionis
1061 2169 1179 2192 vac-110
1207 2162 1338 2192 relicto
1360 2158 1365 2199 1
1390 2159 1445 2199 Cf.

96 2204 256 2243 ΡΙίη.17,
277 2209 339 2237 267
381 2202 391 2243 11
436 2206 479 2236 20
514 2207 543 2238 si
580 2207 649 2239 dea
685 2216 725 2239 es
761 2208 910 2245 quoium
943 2207 1030 2239 Vict.
1057 2208 1086 2238 si
1121 2208 1213 2239 deae
1239 2208 1408 2247 squoium

96 2251 142 2283 26
168 2253 256 2284 add.
284 2261 307 2283 v
344 2250 354 2291 11
393 2253 436 2284 27
463 2254 493 2284 si
519 2249 658 2295 fodere]
687 2254 726 2286 R.
755 2253 939 2286 CXLVIIII
973 2252 1070 2292 (loco
1098 2256 1355 2294 inscriptionis
1382 2264 1445 2286 υα-

97 2308 165 2331 cuo
194 2297 339 2338 relicto)
372 2300 408 2332 Si
442 2300 565 2332 fodere
613 2300 615 2337 1
663 2303 767 2333 uoles
798 2302 910 2333 Weise
947 2301 1099 2341 Qilaest.
1128 2302 1208 2334 Cat.
1235 2312 1270 2342 p.
1295 2307 1353 2333 112
1384 2300 1445 2341 (cf.

96 2347 209 2378 index
235 2345 500 2387 capitulorum)
529 2349 619 2380 uelis
