1575 2470
619 50 908 87 PRAEFATIO
1369 49 1438 84 XV

92 159 322 206 legentibus
361 159 664 194 diiudicandum
701 157 853 202 reliqui.
915 157 1082 201 Semper
1120 157 1255 191 autem
1295 157 1442 197 curavi,

93 224 144 249 ne
183 213 279 259 quid
318 213 479 248 deesset
515 212 624 256 quod
657 211 709 246 ad
742 210 949 255 archetypi
976 209 1193 245 lectionem
1221 210 1440 245 eruendam

94 267 191 302 utile
211 265 440 302 videretur'.
481 265 522 300 In
544 275 590 300 re
611 263 996 309 orthographica
1016 262 1259 308 proecdosin
1281 266 1442 298 secutus

95 330 215 365 quam
249 319 430 364 proxime
463 319 515 353 ad
540 320 720 353 veterem
753 318 897 352 librum
925 316 1204 352 accedendum
1233 325 1322 351 esse
1350 325 1440 351 cen-

94 373 172 408 sui:
195 373 246 407 de
265 374 348 407 tota
368 381 409 406 re
427 371 640 416 diligenter
660 370 861 415 quaesivit
881 370 921 405 Ρ.
941 369 1108 405 Weise
1128 380 1164 414 p.
1186 370 1312 404 1-64.
1341 368 1441 405 Con-

95 425 264 461 stantiae
298 425 510 460 consulere
537 424 576 459 in
604 424 681 459 hoc
709 423 873 468 quidem
901 423 1038 458 libello
1060 423 1182 458 nolui.
1221 422 1441 468 Apparatui

96 479 216 514 etiam
243 477 529 513 testimonia
561 477 726 517 inserui,
761 476 1030 521 discrepantia
1063 479 1198 511 tamen
1226 475 1444 520 scripturae

96 532 335 577 plerumque
361 531 565 576 neglecta,
598 530 673 566 nisi
706 529 773 565 ubi
810 530 949 565 oculos
976 529 1052 564 hac
1079 530 1144 564 vel
1173 529 1239 564 illa
1266 538 1308 564 re
1334 528 1374 564 in
1401 538 1445 564 se

96 587 330 621 convertere
356 584 443 619 visa
471 586 540 619 est.
586 583 744 628 Ubique
766 585 900 618 autern
928 582 1076 617 Keilii
1104 583 1296 627 scriptura
1322 592 1443 627 quam

95 638 229 683 posuit
264 637 305 673 In
340 637 494 673 minore
531 636 709 672 editione
742 638 895 671 remota
930 646 953 670 a
986 645 1050 671 me
1079 636 1133 670 uti
1162 636 1309 671 diserte
1336 645 1443 670 com-

97 692 383 727 memoraretur
409 692 588 725 curatum
617 699 707 725 esse
734 689 855 725 volui.
908 688 1226 734 Compendiis
1253 689 1292 724 in
1320 689 1443 723 adno-

96 745 250 780 tatione
265 754 361 779 usus
382 753 470 779 sum
492 745 647 788 praeter
668 752 716 778 ea
737 752 841 787 quae
863 742 973 777 attuli
989 742 1117 777 hisce:
1140 742 1257 777 Pont.
1273 758 1316 769 =
1333 741 1443 776 Pon-

97 798 281 838 tedera,
326 796 441 832 Schn.
463 812 505 823 2-
528 795 812 836 Schneider,
852 795 930 831 luc.
953 812 995 822 =
1018 795 1276 836 iucundus,
1325 795 1444 830 Turn.

98 850 421 891 :Turnebus‚
448 849 814 885 Iord.=Iordan.
861 848 931 883 His
959 858 1063 893 quae
1089 848 1296 893 praefandi
1324 857 1445 883 causa

98 903 208 939 attuli
236 902 473 938 subicienda
495 911 584 937 esse
606 902 744 937 censui
767 911 1047 947 quaecumque
1068 904 1275 946 praeterea
1296 902 1347 937 de
1368 901 1445 937 sin-

98 957 202 1002 gulis
229 956 327 991 locis
354 956 455 991 scitu
484 955 608 1000 digna
636 964 726 990 esse
754 957 821 989 aut
848 955 934 999 ipse
962 955 1098 1000 putavi
1126 957 1193 989 aut
1218 954 1284 989 alii
1305 964 1445 990 monu-

100 1011 225 1045 erunt.

160 1063 212 1099 M.
246 1061 401 1098 PORCI
434 1060 651 1097 CATONIS
686 1062 736 1096 (le
772 1063 867 1107 ayri
902 1062 1066 1097 cultura
1095 1061 1295 1105 inscripsit
1322 1061 1445 1096 Keil:

100 1117 168 1152 ubi
195 1116 316 1151 Porci
355 1125 445 1151 cum
485 1125 618 1160 neque
657 1115 697 1150 in
733 1115 1027 1160 subscriptione
1061 1114 1128 1157 (M.
1152 1113 1369 1149 CATONIS
1396 1115 1446 1149 sle

100 1171 195 1215 ayri
221 1170 386 1205 cultura
422 1169 534 1212 expli
567 1168 756 1211 feLiciIer)
795 1171 924 1204 exstet
956 1177 1089 1213 neque
1115 1168 1299 1202 videatur
1324 1167 1448 1203 fuisse

102 1223 141 1257 in
176 1221 436 1266 inscriptione
472 1221 538 1264 (M.
568 1220 785 1256 CATONIS
818 1220 984 1256 PRISCI
1013 1222 1064 1256 cle
1091 1230 1132 1255 re
1160 1222 1316 1256 rastz'ca
1345 1221 1448 1256 liber·

102 1278 160 1311 est
172 1275 212 1310 in
225 1275 286 1318 V),
299 1274 415 1310 omisi
432 1284 522 1310 cum
535 1274 622 1309 Wu
634 1274 835 1310 enschio
850 1275 950 1310 Mus.
964 1274 1088 1310 Rhen.
1104 1277 1128 1309 t.
1146 1273 1264 1308 LXIX
1278 1275 1329 1315 (a.
1341 1274 1447 1315 1914)

102 1339 139 1373 p.
161 1327 246 1369 138;
273 1337 355 1362 non
381 1330 517 1362 tamen
544 1337 665 1362 ausus
687 1337 774 1362 sum
802 1328 925 1363 verba
946 1337 1050 1372 quae
1071 1329 1161 1363 sunt
1183 1327 1233 1362 cle
1254 1328 1349 1371 a9ri
1369 1328 1450 1362 cul-

103 1383 199 1417 tura
220 1382 415 1425 temptare
443 1390 532 1415 cum
549 1380 758 1416 Haulero
781 1380 803 1416 1.
825 1391 855 1415 s.
876 1391 904 1416 s.
927 1391 963 1426 p.
978 1381 1031 1421 11,
1054 1380 1120 1425 qui
1141 1380 1200 1415 De
1221 1390 1264 1415 re
1291 1381 1447 1415 rustica

104 1433 244 1469 maluit
270 1433 424 1469 ratione
457 1433 593 1469 habita
627 1433 806 1479 inprimis
843 1443 981 1470 eorum
1012 1444 1116 1479 quae
1146 1443 1285 1468 revera
1315 1433 1449 1468 insunt

103 1488 142 1522 in
168 1487 318 1523 libello.
339 1507 383 1510 -—
405 1486 465 1522 De
492 1487 751 1522 summario
780 1490 818 1522 et
844 1487 1014 1533 singulis
1042 1486 1128 1522 eius
1149 1486 1349 1521 lemmatis
1371 1486 1446 1521 dis-

103 1540 257 1585 putavit
284 1539 326 1575 R.
348 1539 582 1575 Friderici
610 1540 700 1575 1000
729 1550 849 1585 quem
877 1550 996 1585 supra
1023 1541 1076 1585 (p.
1098 1540 1162 1583 VI)
1190 1540 1313 1575 attuli.
1354 1539 1446 1580 Qui-

103 1594 177 1629 bus
216 1593 404 1628 addenda
443 1595 534 1628 sunt
573 1602 678 1637 quae
713 1592 995 1628 Theodorus
1032 1592 1130 1628 Birt
1168 1592 1285 1628 ‘BerL
1313 1592 1448 1637 philol.

102 1645 405 1682 Wochenschr.⁷
444 1656 478 1680 a.
500 1646 608 1686 1915,
645 1656 680 1690 p.
710 1645 874 1691 922sqq.
912 1647 962 1681 de
997 1647 1140 1681 eadem
1174 1656 1215 1681 re
1252 1640 1448 1690 exposuit.

105 1699 164 1735 De
200 1709 280 1744 quo
316 1699 533 1735 summario
569 1708 716 1735 moneo
753 1709 818 1735 me
851 1700 890 1734 in
924 1700 1156 1734 universum
1189 1699 1229 1734 in
1257 1702 1448 1744 apparatu

106 1752 239 1787 eidem
265 1752 449 1787 brevitati
477 1752 679 1787 studuisse
707 1762 811 1797 quae
838 1753 946 1797 apud
973 1752 1180 1788 Keilium
1204 1756 1273 1787 est.
1314 1752 1448 1797 ltaque

104 1806 293 1840 lemmata
331 1814 490 1850 semper
529 1805 772 1841 conferenda
818 1815 907 1841 esse
947 1815 1037 1841 cum
1077 1805 1372 1841 rubricarum
1411 1809 1449 1841 et

105 1857 231 1903 ipsius
269 1857 466 1894 Catonis
505 1859 828 1903 capitulorum
866 1859 1023 1894 initiis
1057 1859 1152 1894 satis
1179 1859 1229 1894 sit
1255 1859 1332 1894 hoc
1358 1859 1448 1895 1000

106 1911 323 1952 monuisse,
358 1921 410 1947 ne
446 1912 749 1947 adnotationem
786 1912 1026 1947 lectionibus
1064 1921 1113 1946 ex
1140 1912 1207 1946 tali
1237 1911 1453 1947 collatione

107 1964 239 2009 petitiS
265 1967 420 2009 praeter
445 1974 528 2000 rem
556 1974 723 2000 onerare
751 1974 928 2010 cogerer.
949 1986 992 1988 ἡ
1015 1965 1076 2000 De
1097 1967 1157 2000 ati
1177 1965 1449 2008 aedificatam

106 2017 146 2052 In
172 2017 306 2053 lemm.
326 2017 372 2058 V,
399 2018 514 2053 dolz'a
548 2018 588 2053 in
615 2018 748 2053 lemm.
771 2017 975 2059 LXXVIII,
1004 2019 1221 2053 metretam
1250 2018 1288 2053 in
1317 2018 1450 2053 lemm.

108 2069 258 2112 CVIIII,
294 2080 397 2115 ayer
431 2070 470 2106 in
506 2071 639 2106 lemm.
668 2070 798 2112 CXIV,
826 2081 999 2106 amurca
1032 2071 1071 2106 in
1098 2071 1232 2106 lemm.
1261 2070 1451 2107 CXXXIX

108 2123 262 2159 collatis
289 2133 380 2158 cum
407 2124 649 2159 rubricarum
678 2124 810 2159 verbis
837 2124 1109 2160 dubitationes
1136 2124 1262 2160 movit
1288 2124 1448 2159 Fride-

108 2175 193 2211 rici
208 2187 245 2221 p.
258 2176 315 2217 66,
332 2176 474 2211 deerit
486 2177 636 2219 (erant)
656 2177 694 2212 in
713 2177 845 2212 lemm.
862 2177 1016 2212 LXXVI
1031 2178 1135 2223 p.67.
1148 2198 1180 2201 -
1193 2178 1343 2213 Lemm.
1357 2177 1451 2212 XIII.

110 2227 163 2263 Cf.
185 2228 291 2264 idem
312 2239 349 2273 p.
369 2229 426 2264 64.
444 2250 485 2252 -r-
509 2230 657 2264 Lemm.
679 2229 775 2265 XIV.
823 2229 876 2265 Cf.
899 2230 1004 2265 idem
1028 2242 1063 2275 p.
1084 2231 1141 2266 74.
1162 2231 1218 2266 79.
1236 2251 1276 2253 ξ
1301 2231 1448 2266 Lemm.
