1618 2470
493 97 552 132 De
583 97 666 142 agri
697 97 847 131 cultura
876 106 907 132 c.
931 95 1121 131 104-112
1439 102 1495 140 49

136 204 347 240 dimidium
375 213 590 248 excoquas.
629 203 697 238 ubi
725 202 929 243 refrixerit,
958 202 1194 238 confundito
1222 202 1261 237 in
1290 212 1362 238 vas
1389 202 1495 248 pica-

136 262 220 294 tum
247 259 353 293 bene
380 257 591 292 odoratum
620 259 658 292 et
691 256 859 292 oblinito
888 259 926 291 et
953 256 1053 291 utito
1082 256 1121 290 in
1148 255 1257 290 labra
1285 255 1495 291 doliorum.

184 311 330 346 Vinum
358 310 390 346 si
417 310 532 346 voles
559 310 727 354 experiri
753 310 983 344 duraturum
1011 309 1061 344 sit
1087 318 1229 349 necne,
1256 309 1395 353 polen-
1435 308 1566 354 [CVIII

138 368 220 400 tam
246 364 442 409 grandem
470 363 679 398 dimidium
707 363 907 398 acetabuli
945 362 985 397 in
1019 362 1231 397 caliculum
1260 372 1411 397 novum
1438 362 1494 397 in-

139 418 221 453 dito
250 418 289 453 et
314 417 396 452 vini
425 415 642 452 sextarium
670 417 721 451 de
749 426 798 452 eo
824 416 920 451 vino
948 416 1057 461 quod
1085 415 1200 451 voles
1231 415 1401 460 experiri
1429 425 1495 451 eoa
1515 424 1531 449 5

138 471 232 506 dem
265 470 463 506 infundito
498 472 536 505 et
568 469 751 515 inponito
785 470 824 504 in
860 470 1073 505 carbones:
1110 469 1229 504 facito
1258 469 1318 504 bis
1345 472 1412 504 aut
1437 471 1496 505 ter

138 524 345 559 inferveat.
389 526 473 559 turn
506 524 546 558 id
579 523 797 568 percolato,
820 523 1027 568 polentam
1055 522 1215 558 abicito.
1260 522 1398 557 vinum
1426 532 1496 567 po-
1522 523 1543 557 2

140 577 224 613 nito
251 577 326 612 sub
354 577 432 612 dio.
484 576 677 621 postridie
709 586 830 611 mane
862 578 1035 621 gustato.
1088 575 1119 611 si
1153 575 1193 610 id
1220 575 1360 620 sapiet,
1387 576 1495 621 quod

139 631 179 666 in
207 630 316 666 dolio
351 632 421 671 est,
455 629 555 665 scito
589 630 837 664 duraturum:
874 629 906 664 si
940 629 1177 664 subacidum
1207 629 1288 669 erit,
1317 638 1397 665 non
1425 629 1495 664 du-

141 683 252 719 rabit.
1517 689 1549 716 10

184 736 332 772 Vinum
359 746 545 781 asperum
573 737 682 781 quod
715 737 787 771 erit
820 737 912 771 lene
940 739 978 771 et
1005 745 1131 771 suave
1159 735 1190 770 si
1218 736 1334 771 voles
1360 736 1414 770 fa·
1467 734 1566 780 [CIX

141 799 243 831 cere,
269 790 326 825 sic
352 789 483 825 facito.
535 790 585 824 de
620 799 716 825 ervo
748 790 915 824 farinam
948 789 1068 824 facito
1101 789 1221 824 libras
1254 796 1310 823 1111
1346 791 1385 824 et
1411 788 1493 824 vini

140 845 279 887 cyatos
300 851 356 877 1111
384 842 641 887 conspargito
663 853 771 887 sapa.
811 845 953 887 postea
974 842 1094 878 facito
1116 842 1340 877 laterculos.
1373 842 1493 877 sinito

140 896 359 932 conbibant
385 898 547 932 noctem
570 899 608 931 et
630 896 749 931 diem.
780 898 923 940 postea
945 896 1194 932 conmisceto
1216 905 1306 930 cum
1328 905 1378 931 eo
1398 895 1494 930 vino

137 950 178 985 in
206 949 316 985 dolio
344 951 383 985 et
409 949 578 985 oblinito
601 948 747 994 (post)
771 950 858 985 dies
884 957 950 984 LX.
1002 949 1042 983 id
1069 948 1208 983 vinum
1237 948 1309 983 erit
1335 949 1428 984 lene
1455 952 1494 984 et
1516 957 1549 983 15

139 1012 266 1038 suave
293 1005 331 1038 et
357 1003 466 1038 bono
494 1003 629 1038 colore
656 1005 695 1038 et
721 1004 827 1038 bene
854 1004 1076 1039 odoratum.

189 1055 366 1093 Odorem
403 1056 642 1092 deteriorem
679 1057 843 1092 demere
878 1056 985 1092 vino.
1037 1058 1180 1091 testam
1222 1057 1273 1091 de
1308 1056 1446 1101 tegula
1486 1054 1566 1101 [CX

140 1120 314 1146 crassam
342 1119 481 1154 puram
509 1109 692 1145 calfacito
720 1109 759 1145 in
786 1110 871 1155 igni
891 1111 1009 1145 bene.
1036 1110 1105 1145 ubi
1133 1110 1291 1151 calebit,
1320 1119 1410 1144 earn
1437 1109 1494 1154 pi-

140 1166 241 1204 cato,
268 1163 455 1198 resticula
481 1162 657 1208 alligato,
682 1166 827 1198 testam
849 1163 1048 1199 demittito
1070 1163 1109 1198 in
1131 1163 1283 1199 dolium
1312 1162 1492 1198 infimum

139 1216 291 1258 leniter,
313 1216 433 1252 sinito
454 1216 621 1251 biduum
649 1217 817 1252 oblitum
839 1216 1004 1253 dolium.
1031 1216 1064 1252 si
1086 1217 1273 1261 demptus
1296 1216 1367 1252 erit
1393 1216 1493 1252 odor
1513 1223 1548 1250 20

141 1270 324 1311 deterior,
346 1270 386 1305 id
413 1270 583 1314 optime;
610 1269 642 1305 si
667 1279 760 1311 non,
782 1270 943 1314 saepius
963 1269 1095 1311 facito,
1118 1279 1246 1314 usque
1273 1270 1367 1304 dum
1396 1269 1493 1305 odo-

140 1332 224 1358 rem
251 1323 401 1358 malurn
429 1323 663 1368 dempseris.

187 1375 229 1412 Si
255 1376 370 1412 voles
397 1376 510 1417 scire,
537 1376 577 1411 in
598 1376 736 1411 vinum
758 1387 862 1421 aqua
889 1377 1027 1412 addita
1053 1377 1102 1412 sit
1129 1385 1270 1417 necne,
1298 1386 1440 1411 vascua
1467 1374 1566 1421 [CXI

141 1429 224 1465 lum
249 1429 369 1465 facito
397 1430 448 1464 de
474 1429 641 1465 materia
667 1429 894 1465 hederacia.
946 1430 1085 1465 vinum
1113 1430 1170 1471 id,
1199 1430 1308 1474 quod
1334 1429 1494 1474 putabis

140 1492 287 1528 aquam
314 1482 475 1524 habere,
504 1492 553 1519 eo
581 1483 865 1525 dem[m]ittito.
917 1483 949 1518 si
977 1483 1144 1519 habebit
1169 1492 1327 1528 aquam,
1354 1482 1491 1518 vinum
1514 1490 1548 1517 25

140 1535 287 1577 effluet,
315 1545 420 1580 aqua
446 1535 637 1571 manebit.
676 1545 769 1570 narn
790 1545 872 1571 non
900 1536 1080 1572 continet
1105 1535 1244 1571 vinum
1272 1545 1344 1570 vas
1370 1535 1493 1570 hede-

141 1597 315 1625 raceum.

188 1641 336 1677 Vinum
358 1641 485 1678 Coum
513 1642 544 1677 si
566 1642 681 1678 voles
702 1643 845 1684 iacere,
867 1653 1014 1688 aquarn
1043 1653 1092 1679 ex
1119 1644 1199 1679 alto
1228 1643 1422 1678 marinam
1451 1641 1565 1687 [CXII

141 1695 288 1731 sumito
315 1695 414 1730 mari
440 1695 667 1740 tranquillo,
689 1705 780 1731 curn
802 1699 948 1732 ventus
969 1706 1050 1732 non
1079 1696 1162 1737 erit,
1184 1696 1272 1732 dies
1292 1704 1379 1731 LXX
1400 1698 1493 1735 ante

141 1748 401 1790 vindemiam,
429 1758 509 1794 quo
537 1759 642 1794 aqua
675 1749 803 1785 dulcis
835 1759 917 1785 non
944 1750 1166 1795 perveniet.
1217 1750 1286 1785 ubi
1312 1749 1493 1785 hauseris
1513 1757 1549 1785 30

142 1802 194 1837 de
221 1802 329 1843 mari,
356 1802 396 1837 in
418 1802 571 1838 dolium
592 1802 802 1844 infunditQ
824 1803 950 1839 nolito
977 1803 1143 1848 inplere,
1165 1803 1494 1848 quadrantalibus

189 1911 210 1943 2
232 1912 421 1944 odoratum
441 1921 465 1944 v
485 1921 567 1944 cum
588 1914 736 1952 aliquot
755 1914 991 1953 apographis
1012 1914 1199 1945 oderatum
1226 1910 1236 1953 ΙΙ
1263 1913 1283 1945 3
1311 1912 1350 1945 R.
1369 1912 1495 1956 CXVII

142 1958 276 1990 Vinum
303 1960 333 1990 si
359 1960 463 1991 uoles
489 1960 642 1998 experiri
687 1957 698 1999 ΙΙ
742 1960 761 1991 7
790 1961 975 1999 polentam
1004 1970 1027 1991 v
1060 1961 1246 1999 pulentam
1294 1959 1298 1998 Ι
1344 1961 1493 1993 abiicito

141 2006 314 2039 Beroald.
347 2007 481 2038 adicito
514 2003 677 2047 (adiicito
704 2006 752 2046 V)
790 2005 801 2047 ΙΙ
842 2008 880 2039 11
911 2007 950 2040 R.
978 2007 1119 2040 CXVIII
1154 2007 1288 2040 Vinum
1324 2016 1492 2047 asperum

143 2053 227 2086 lene
253 2053 331 2086 fieri
364 2050 375 2092 ΙΙ
409 2053 451 2086 13
477 2057 603 2094 cyatos
630 2056 687 2087 vel
713 2056 828 2087 ciatos
855 2065 988 2095 apoyr.
1015 2056 1168 2095 cyathos
1193 2055 1226 2088 V
1260 2054 1265 2094 Ι
1299 2050 1493 2097 <addito>.

143 2101 380 2141 conspargito
406 2101 506 2139 Keil:
533 2102 577 2141 cf.
601 2102 744 2134 Hauler
767 2112 804 2142 p.
827 2107 866 2135 17
890 2100 901 2142 ΙΙ
929 2102 971 2134 15
998 2104 1087 2135 add.
1108 2103 1148 2134 A.
1170 2102 1321 2135 Gronov
1345 2100 1356 2143 ΙΙ
1384 2102 1425 2134 17
1453 2102 1491 2134 R.

145 2147 304 2180 CXVIIII
343 2147 502 2180 Odorem
542 2149 758 2182 deteriorem
785 2150 932 2182 demere
976 2147 987 2189 ΙΙ
1030 2150 1072 2181 21
1102 2158 1221 2189 usque
1247 2151 1332 2182 dum
1359 2147 1493 2189 (usque

144 2204 215 2227 om.
253 2195 285 2228 V
329 2197 418 2228 add.
457 2194 606 2235 apoyr.)
651 2194 661 2237 Η
705 2197 750 2229 23
783 2197 823 2230 Β.
858 2196 950 2230 CXX
995 2197 1033 2229 Si
1077 2198 1182 2229 uoles
1232 2198 1324 2230 scire
1366 2198 1491 2229 uinum

144 2250 277 2281 aquam
316 2243 452 2275 habeat
488 2251 608 2276 necne
650 2242 661 2284 ΙΙ
699 2244 743 2276 24
770 2245 807 2276 id
845 2248 934 2284 quot
980 2242 991 2285 ΙΙ
1040 2245 1085 2276 25
1112 2253 1158 2277 eo
1196 2245 1376 2277 demittito
1413 2244 1493 2276 Keil

144 2289 276 2322 eodem
304 2291 434 2322 mittito
491 2287 502 2330 ΙΙ
557 2290 602 2322 28
629 2291 668 2323 R.
697 2290 805 2323 CXXI
832 2292 965 2324 Vinum
1000 2301 1106 2324 coum
1139 2293 1169 2323 si
1202 2293 1306 2324 uoles
1338 2292 1458 2324 facere
1487 2288 1490 2330 Ι

145 2335 201 2376 Cf.
221 2337 316 2370 Plin.
339 2341 386 2376 14,
404 2342 442 2368 79
