1575 2470
54 104 123 140 XX
582 102 879 140 PRAEFATIO

54 212 182 246 uteris
215 211 249 246 A
276 211 398 246 habet
424 222 461 245 v.
489 212 523 246 5.
559 232 601 234 —
641 211 697 252 70,
719 211 859 255 llsqq.
910 210 971 245 De
1006 209 1069 245 his
1100 210 1278 245 formulis
1312 220 1411 255 quas

55 263 164 298 edidi
196 273 287 299 cum
314 263 473 299 Keilio
508 266 550 299 ut
578 263 716 299 inveni
754 263 874 299 etiam
910 262 1089 298 Hauler
1123 273 1161 308 p.
1181 263 1293 308 27sq.
1319 263 1407 308 plu-

54 317 163 352 ribus
201 316 306 362 egit;
345 316 378 351 is
413 318 527 352 mota
566 318 690 352 sueta
724 317 865 351 dar-ies
905 315 1130 351 dardaries
1175 317 1406 351 astataries

56 371 94 404 et
119 369 225 404 lwat
249 370 355 404 lutat
379 369 485 404 lutat
509 370 592 404 ista
618 370 733 413 pista
760 369 867 404 sista
890 368 1094 403 dannabo
1117 369 1263 404 danna
1285 370 1404 404 astra

54 424 214 467 propter
238 421 547 467 triplicationem
574 421 837 467 praeferenda
864 423 1004 457 censet
1025 423 1064 456 et
1083 421 1253 457 aliorum
1278 431 1406 466 popu-

54 475 181 511 lorum
209 474 386 510 carmina
412 474 573 520 magica
604 477 696 520 post
729 474 830 511 alios
857 474 1028 510 conferri
1050 474 1175 510 iussit.
1202 494 1245 498 —
1271 475 1329 515 70,
1350 474 1405 510 17.

56 529 267 573 tetiyerint
291 527 483 563 intactum
511 527 671 572 reliqui;
698 527 904 572 praecedit
932 528 1118 562 coierint.
1171 525 1224 562 Cf.
1245 527 1362 563 Thes.
1382 527 1405 563 l.

55 581 202 622 1.1746,
222 581 408 622 27.½71‚
428 581 486 616 22.
514 579 568 616 Cf.
590 580 825 615 Friderici
854 590 891 624 p.
917 579 974 615 73.

114 633 195 669 Sed
221 633 317 669 satis
343 644 450 670 nunc
476 634 526 669 sit
552 633 875 669 adnotationum.
928 633 1059 669 Unum
1094 636 1153 668 est
1181 634 1290 678 quod
1317 644 1403 679 gra-

56 687 210 723 tissimo
237 687 373 722 animo
399 687 551 723 addere
577 687 730 722 lubeat:
758 686 820 722 his
846 686 1021 732 plagulis
1048 689 1266 732 antequam
1292 687 1404 732 prelo

54 739 380 776 submitterentur
394 740 569 776 intentos
590 740 731 776 oculos
753 742 791 775 et
812 749 948 775 curam
970 740 1204 776 adhibuisse
1225 740 1405 786 collegas

54 793 283 829 Ienenses
311 803 470 829 mecum
492 792 855 833 coniunctissimos,
884 791 1106 829 Carolum
1128 793 1346 829 Barwick
1367 796 1406 829 et

55 846 351 882 Fridericum
387 846 587 882 Zucker:
625 846 770 891 quibus
808 846 917 890 quod
952 846 1111 881 tertium
1147 856 1191 882 se
1223 846 1406 882 adiunxit

55 899 330 935 Edmundus
369 900 548 935 Hauler
585 899 1006 940 vindobonensis,
1051 899 1111 934 vir
1155 900 1205 935 de
1242 898 1404 936 Catonis

54 953 249 998 opusculo
285 954 496 998 purgando
533 952 684 998 optime
720 952 901 993 meritus,
937 953 1175 997 gaudebunt
1201 952 1268 997 qui
1295 952 1404 997 ipsas

55 1007 127 1041 has
153 1006 435 1042 adnotationes
461 1006 767 1051 perlustrabunt.

113 1076 259 1122 Scripsi
287 1077 405 1113 lenae
433 1087 572 1113 mense
601 1076 741 1112 Martio
769 1086 803 1110 a.
825 1075 1152 1113 MDCCCCXXII.

917 1159 1163 1205 Georgius
1192 1159 1352 1196 Goetz.
