1618 2470
103 69 160 110 50
698 64 860 101 Catonis

103 171 281 216 quinque
308 172 440 207 minus
467 172 516 207 sit
542 181 663 216 quam
691 171 868 216 plenum.
908 172 1143 216 operculum
1170 172 1365 217 inponito,
1391 182 1452 207 re-

55 226 76 260 2
104 225 273 270 linquito
294 235 373 270 qua
393 223 689 269 inters<p>iret.
714 224 782 260 ubi
804 225 890 260 dies
911 232 1002 259 XXX
1023 225 1308 270 praeterierint,
1328 227 1454 260 trans-

103 278 258 314 fundito
285 278 325 313 in
357 278 525 314 alterum
559 278 714 314 dolium
748 278 896 323 puriter
924 280 962 314 et
993 278 1146 320 leniter,
1172 279 1386 323 relinquito
1413 279 1453 313 in

104 332 184 368 imo
206 332 316 376 quod
336 329 594 377 des[c]iderit.
630 333 721 376 post
741 331 828 367 dies
849 339 909 366 ΧΧ
930 332 970 366 in
991 332 1159 367 alterum
1180 331 1334 368 dolium
1358 332 1454 367 item

66 393 83 419 5
103 384 385 420 transfundito:
412 385 467 420 ita
493 384 708 430 relinquito
735 394 864 429 usque
892 386 943 420 ad
964 385 1224 421 vindemiam.
1263 385 1372 420 unde
1397 384 1457 420 vi-

104 448 200 473 num
228 436 355 474 Coum
387 438 520 474 facere
551 438 684 479 voles,
718 448 818 474 uvas
851 438 1065 483 relinquito
1098 439 1138 473 in
1170 438 1309 479 vinea,
1336 437 1457 473 sinito

104 493 209 527 bene
242 494 481 536 coquantur,
509 494 548 527 et
574 491 642 527 ubi
669 491 814 536 pluerit
846 494 885 527 et
921 491 1147 533 siccaverit,
1174 494 1258 526 tum
1286 491 1454 537 deligito

106 548 144 580 et
169 544 309 590 ponito
343 545 383 580 in
409 545 496 580 sole
528 545 697 580 biduum
724 548 792 580 aut
820 545 996 580 triduum
1024 546 1097 581 sub
1126 545 1205 586 dio,
1233 544 1265 580 si
1291 544 1455 590 pluviae

105 608 186 634 non
213 600 339 633 erunt.
390 598 422 633 si
449 598 587 643 pluvia
620 598 702 639 erit,
729 598 769 633 in
802 601 908 634 tecto
943 599 983 633 in
1017 598 1190 634 cratibus
1224 597 1455 643 conponito,

57 651 78 686 3
105 654 143 687 et
158 652 272 697 siqua
287 652 404 687 acina
419 654 603 697 corrupta
625 655 749 693 erunt,
772 653 1009 697 depurgato.
1033 654 1117 687 turn
1139 651 1286 687 sumito
1307 660 1455 696 aquam

53 713 82 739 11
106 705 299 740 marinam
327 711 367 743 Q.
389 711 421 740 S.
443 711 475 740 S.
497 713 538 745 E,
566 705 606 740 in
641 705 795 741 dolium
828 705 1221 751 quinquagenarium
1256 704 1456 740 infundito

105 768 236 804 aquae
263 758 441 794 marinae
468 765 508 796 Q.
530 766 570 793 Χ.
596 761 680 794 tum
708 759 825 794 acina
851 759 903 794 de
923 759 1012 794 uvis
1033 758 1223 794 miscellis
1250 757 1458 803 decarpito

106 813 156 847 de
182 812 378 857 scopione
405 812 445 847 in
472 812 581 847 idern
609 812 773 853 dolium,
796 821 924 857 usque
952 813 1047 847 dum
1069 812 1297 857 inpleveris.
1334 821 1455 846 manu

105 865 344 910 conprimito
377 865 510 906 acina,
539 868 580 900 ut
613 866 832 901 conbibant
866 875 1013 910 aquam
1046 865 1252 900 marinam.
1304 864 1372 900 ubi
1399 864 1457 899 in-

52 927 85 954 15
105 918 278 963 pleveris
317 919 487 960 dolium,
527 919 720 964 operculo
759 919 932 964 operito,
969 918 1183 964 relinquito
1222 928 1300 963 qua
1338 918 1457 953 inter-

105 972 237 1018 spiret.
265 972 332 1008 ubi
352 972 526 1008 triduum
547 973 804 1018 praeterierit,
827 972 992 1008 eximito
1020 973 1071 1008 de
1099 972 1209 1008 dolio
1237 974 1275 1007 et
1301 971 1458 1007 calcato

105 1027 145 1061 in
171 1026 385 1062 torculario
413 1028 451 1061 et
478 1026 517 1061 id
544 1020 683 1061 vinum
711 1026 876 1062 condito
903 1026 942 1061 in
971 1026 1079 1061 dolia
1099 1026 1207 1060 lauta
1235 1027 1273 1060 et
1298 1034 1397 1070 pura
1419 1028 1458 1059 et

35 1077 164 1125 CXIII]
215 1080 334 1116 sicca.
361 1082 403 1115 ut
429 1080 641 1115 odoratum
669 1080 774 1115 bene
801 1080 861 1121 sit,
889 1080 946 1116 sic
971 1079 1104 1115 facito.
1143 1078 1290 1114 sumito
1311 1080 1456 1113 testam

104 1133 290 1178 picatam,
318 1142 367 1169 eo
394 1143 562 1178 prunam
589 1134 724 1169 lenem
750 1133 890 1175 indito,
917 1133 1050 1168 suffito
1077 1135 1182 1168 serta
1210 1135 1248 1168 et
1274 1132 1456 1167 schoeno

50 1189 144 1221 20et
178 1187 324 1231 palma,
361 1196 482 1231 quam
518 1187 669 1222 habent
706 1187 979 1231 unguentarii,
1018 1186 1156 1231 ponito
1193 1186 1233 1221 in
1270 1185 1380 1221 dolio
1417 1187 1457 1220 et

104 1239 272 1284 operito,
299 1250 350 1275 ne
377 1240 478 1276 odor
504 1243 633 1281 exeat,
654 1242 872 1285 antequam
896 1240 1034 1274 vinum
1064 1240 1191 1274 indas.
1229 1239 1307 1274 hoc
1332 1238 1453 1274 facito

104 1293 231 1337 pridie
259 1303 379 1338 quam
406 1293 545 1328 vinum
567 1293 777 1328 infundere
803 1293 929 1328 voles.
959 1294 1009 1328 de
1030 1293 1118 1328 lacu
1141 1302 1261 1337 quam
1283 1292 1455 1337 primum

103 1345 242 1381 vinum
269 1346 309 1381 in
336 1347 445 1381 dolia
471 1346 611 1387 indito,
632 1347 751 1382 sinito
780 1346 866 1381 dies
888 1354 946 1381 xv
968 1349 1118 1391 operta,
1140 1349 1357 1390 antequam
1385 1345 1455 1381 ob-

103 1399 222 1440 linas,
255 1399 469 1444 relinquito
502 1410 581 1444 qua
613 1400 839 1444 interspiret
873 1398 1060 1444 [vInumL
1094 1402 1235 1443 postea
1272 1398 1454 1434 oblinito.

54 1453 77 1487 2
102 1455 194 1497 post
220 1452 307 1488 dies
333 1460 387 1487 XL
414 1453 626 1489 diffunditu
653 1453 693 1488 in
727 1453 942 1497 amphoras
976 1455 1013 1488 et
1040 1453 1178 1488 addito
1206 1452 1246 1487 in
1272 1451 1454 1497 singulas

47 1513 83 1540 26
102 1506 318 1551 amphoras
344 1516 469 1551 sapae
494 1507 711 1542 sextarium
738 1516 874 1541 unum.
903 1506 1118 1551 amphoras
1145 1505 1271 1541 nolito
1299 1505 1453 1550 inplere

102 1559 281 1600 nimium,
307 1569 495 1595 ansarum
522 1560 748 1595 infimarum
775 1559 856 1601 fini,
885 1561 923 1594 et
959 1559 1174 1604 amphoras
1200 1559 1240 1594 in
1267 1558 1354 1594 sole
1381 1567 1452 1603 po-

101 1612 203 1653 nito,
230 1613 298 1648 ubi
336 1613 460 1648 herba
496 1623 576 1649 non
613 1613 704 1654 siet,
733 1616 771 1648 et
806 1613 1021 1657 amphoras
1057 1612 1223 1657 operito,
1259 1621 1311 1647 ne
1347 1621 1452 1656 aqua

101 1666 280 1708 accedat,
317 1670 355 1701 et
393 1676 445 1702 ne
483 1667 572 1711 plus
611 1666 919 1711 quadriennium
959 1666 998 1701 in
1037 1666 1124 1701 sole
1156 1665 1308 1701 siveris.
1360 1668 1452 1710 post

46 1727 82 1754 30
103 1720 413 1765 quadriennium
441 1720 481 1755 in
508 1730 681 1755 cuneum
708 1719 928 1765 conponito
957 1722 995 1755 et
1021 1718 1282 1764 instipa<to>.

30 1771 162 1819 CXIV]
213 1773 360 1808 Vinum
393 1774 425 1809 si
452 1773 567 1809 voles
599 1773 858 1814 concinnare,
892 1775 934 1808 ut
969 1773 1104 1808 alvum
1137 1772 1286 1807 bonam
1319 1772 1450 1812 faciat,

99 1827 323 1862 secundum
360 1827 626 1867 vindemiam,
666 1826 734 1862 ubi
772 1827 876 1862 vites
915 1826 1215 1871 ablaqueantur,
1256 1827 1450 1870 quantum

100 1880 259 1924 putabis
280 1880 316 1915 ei
336 1880 392 1915 rei
412 1880 509 1915 satis
524 1889 615 1915 esse
640 1880 736 1921 vini,
756 1882 814 1915 tot
829 1879 932 1915 vites
953 1879 1194 1924 ablaqueato
1217 1881 1255 1914 et
1276 1879 1448 1923 signato.

144 1978 166 2010 2
193 1986 266 2017 qua
292 1980 499 2018 interspiret
524 1973 576 2010 Α2
583 1988 606 2009 ν
633 1987 707 2018 qua
733 1975 812 2017 (qui
833 1978 866 2010 V
893 1987 965 2017 qua
991 1987 1124 2017 apoyr.
1152 1979 1189 2009 et
1212 1975 1315 2016 Vict.)
1342 1977 1451 2008 inter-

92 2026 183 2058 ‘siret
201 2023 212 2065 ΙΙ
232 2026 253 2057 4
273 2026 456 2058 desederit
476 2026 552 2063 Av,
580 2021 678 2058 Κρῐί1
697 2026 894 2058 desciderit
918 2023 929 2065 ΙΙ
957 2025 999 2057 12
1027 2033 1062 2083 q.
1082 2028 1111 2056 X
1132 2026 1168 2056 et
1187 2026 1225 2056 in
1247 2033 1365 2064 τηαν-9.
1387 2019 1449 2055 al.

100 2073 352 2111 quadrantalia
382 2070 393 2113 ΙΙ
427 2073 470 2106 13
497 2074 543 2105 de
570 2074 699 2112 scopio
727 2075 765 2105 et
789 2074 826 2104 in
854 2082 972 2113 marg.
999 2068 1061 2104 al'.
1099 2070 1328 2110 descopione
1354 2078 1411 2102 ex,

100 2120 142 2151 17
169 2119 267 2151 lauta
292 2123 328 2152 et
354 2129 443 2159 pura
469 2122 506 2152 et
532 2122 568 2152 in
596 2130 715 2160 mary.
742 2116 804 2152 al’.
832 2123 956 2152 curata
981 2127 1037 2151 eX.
1075 2116 1086 2158 ΙΙ
1124 2118 1169 2150 20
1195 2120 1232 2150 in
1266 2118 1365 2150 dolio
1399 2116 1452 2156 (in

98 2166 199 2199 dolia
217 2167 249 2199 V
275 2168 312 2198 in
336 2168 436 2200 dolio
463 2166 612 2208 apoyr.)
656 2165 667 2207 ΙΙ
711 2167 755 2199 24
782 2168 852 2199 del.
873 2168 954 2199 Keil
979 2165 1041 2206 (cf.
1061 2165 1108 2205 2),
1135 2168 1286 2198 tutatur
1310 2165 1454 2197 Hauler

95 2224 134 2254 p.
153 2218 194 2246 23
230 2211 241 2253 ΙΙ
278 2214 323 2246 28
355 2216 425 2247 siet
450 2218 486 2247 et
511 2215 708 2254 amphoras
741 2211 825 2254 (siet
850 2215 1046 2253 amphoras
1072 2214 1105 2246 V
1136 2214 1207 2246 siet
1232 2215 1268 2245 et
1297 2213 1450 2251 ampho-

98 2270 155 2293 ras
187 2271 320 2302 apoyr.
352 2264 389 2294 et
418 2260 521 2301 vict.)
553 2260 564 2301 ΙΙ
595 2262 642 2294 30
667 2263 757 2294 add.
782 2262 854 2294 luc.
897 2259 909 2301 ΙΙ
952 2261 994 2294 31
1024 2261 1063 2293 R.
1091 2259 1215 2293 CXXII
1251 2260 1385 2291 Vinum
1423 2261 1454 2291 si

100 2309 203 2342 uoles
229 2310 452 2341 concinnare
479 2313 516 2341 ut
543 2310 664 2341 aluum
691 2310 826 2340 bonam
854 2309 964 2341 faciat
