1575 2470
120 86 171 124 10
708 80 869 116 Catonis

113 190 339 235 bonumque
364 192 585 235 aquarium,
610 191 806 235 oppidum
832 191 1010 226 validum
1037 201 1164 236 prope
1191 192 1267 227 siet
1292 189 1366 236 [si]
1390 194 1460 227 aut

113 254 223 279 mare
253 246 321 279 aut
350 245 492 286 amnis,
523 254 598 288 qua
628 255 751 280 naves
782 244 1000 285 ambulant,
1029 247 1098 280 aut
1125 246 1189 280 via
1219 245 1324 281 bona
1355 245 1460 281 cele-

66 295 89 328 4
115 292 288 338 brisque.
315 293 390 328 siet
411 293 450 328 in
472 293 533 328 his
555 293 672 338 agris,
688 293 852 338 quinon
867 302 991 338 saepe
1006 293 1194 328 dominos
1209 295 1379 328 mutant:
1395 293 1469 338 qui

116 346 156 381 in
177 346 239 381 his
260 346 367 391 agris
390 346 555 390 praedia
576 345 844 387 vendiderint,
868 355 938 381 eos
965 345 1103 391 pigeat
1128 346 1375 382 vendidisse.
1415 347 1473 381 uti

79 403 96 428 5
122 397 222 433 bene
250 398 512 433 aedificatum
541 398 628 433 siet.
658 400 798 433 caveto
827 398 1000 433 alienam
1030 398 1287 442 disciplinam
1314 400 1467 434 temere

113 452 358 486 contemnas.
396 451 446 486 de
477 451 639 486 domino
670 451 774 486 bono
805 451 946 486 colono
977 451 1162 495 bonoque
1191 452 1458 487 aedificatore

113 503 256 539 melius
281 506 448 539 emetur.
474 504 525 539 ad
552 504 690 539 villam
715 514 802 540 cum
831 505 981 545 venies,
1005 505 1155 545 videto,
1181 514 1277 540 vasa
1305 505 1461 541 torcula

67 554 91 588 5
113 558 155 591 et
186 557 294 592 dolia
326 557 505 593 multane
538 558 659 592 sient:
691 557 759 592 ubi
791 567 869 593 non
899 560 1029 598 erunt,
1061 558 1161 593 scito
1195 567 1269 602 pro
1303 559 1463 594 ratione

115 610 290 645 fructum
321 620 421 646 esse.
461 611 720 645 instrumenti
751 621 799 646 ne
830 612 967 655 magni
999 612 1089 653 siet,
1117 610 1205 646 loco
1236 610 1340 646 bono
1373 612 1460 647 siet.

65 667 98 694 ιο
115 663 265 704 videto,
296 673 413 707 quam
443 663 599 699 minimi
629 663 886 699 instrumenti
915 665 1255 708 sumptuosusque
1287 674 1385 708 ager
1413 674 1463 699 ne

68 714 91 748 6
115 716 203 751 siet.
237 717 338 752 scito
365 716 472 752 idem
499 727 641 760 agrum
668 717 773 760 quod
801 717 1015 758 hominem,
1040 718 1222 761 quamvis
1249 719 1463 761 quaestuo-

69 767 91 802 7
115 779 182 804 sus
215 770 304 810 siet,
337 770 371 804 si
405 772 664 814 sumptuosus
696 771 785 811 erit,
820 770 990 814 relinqui
1021 780 1099 806 non
1131 770 1311 805 multum.
1345 780 1462 814 prae-

117 822 226 856 dium
249 822 354 866 quod
377 823 551 867 primum
573 824 662 864 siet,
683 824 716 858 si
738 833 801 858 me
822 822 997 867 rogabis,
1017 824 1074 859 sic
1096 823 1245 859 dicam:
1268 824 1318 858 de
1336 825 1465 859 omni-

117 875 189 910 bus
221 876 332 919 agris
365 876 599 920 optimoque
633 876 721 912 loco
754 877 895 920 iugera
928 878 1017 920 agri
1048 878 1219 918 centurn,
1251 877 1368 912 vinea
1400 880 1463 912 est

66 935 99 961 15
118 929 261 971 prima,
296 927 399 973 [vel]
433 930 467 964 si
500 930 594 965 vino
630 926 760 976 <bono
795 925 864 975 et>
896 929 1022 965 multo
1055 932 1128 970 est,
1162 930 1338 965 secundo
1373 929 1463 966 loco

117 982 257 1017 hortus
279 982 475 1026 inriguus,
498 983 620 1018 tertio
642 983 839 1023 salictum,
861 986 1004 1026 quarto
1027 983 1190 1023 oletum,
1211 984 1349 1026 quinto
1372 993 1465 1027 pra-

116 1040 212 1076 tum,
249 1037 365 1071 sexto
403 1045 568 1079 campus
607 1036 909 1076 frumentarius,
946 1037 1120 1079 septimo
1160 1036 1260 1071 silva
1298 1036 1463 1076 caedua⁷

115 1089 260 1123 octavo
290 1088 509 1129 arbustum,
539 1098 643 1124 nono
675 1088 888 1132 glandaria
918 1089 1030 1124 silva.

48 1138 93 1183 ll]
177 1140 297 1176 Pater
319 1141 496 1177 familias
519 1142 585 1176 ubi
607 1142 658 1176 ad
680 1141 816 1177 villam
841 1143 962 1183 venit,
981 1143 1048 1180 ubi
1070 1143 1196 1177 larem
1218 1142 1463 1177 familiarem

64 1201 101 1227 20
120 1190 318 1231 salutavit,
345 1190 512 1225 fundum
550 1191 695 1226 eodem
726 1190 803 1231 die,
831 1191 862 1225 si
897 1193 1040 1235 potest,
1068 1191 1303 1231 circumeat;
1330 1191 1362 1226 si
1389 1200 1472 1226 non

117 1242 260 1277 eodem
292 1242 370 1283 die,
401 1244 443 1277 at
475 1243 684 1286 postridie.
725 1243 791 1277 ubi
823 1244 1024 1286 cognovit,
1055 1253 1131 1286 quo
1162 1243 1282 1278 modo
1315 1243 1464 1278 fundus

120 1291 249 1326 cultus
281 1291 356 1326 siet
389 1300 594 1336 operaque
627 1300 731 1335 quae
763 1291 865 1326 iacta
903 1291 1130 1336 infectaque
1169 1291 1290 1332 sient,
1328 1291 1471 1336 postri-

117 1342 183 1378 die
207 1342 292 1378 eius
318 1342 399 1377 diei
424 1342 585 1378 vilicum
610 1345 738 1384 vocet,
765 1345 893 1386 roget,
917 1343 1011 1387 quid
1036 1344 1173 1387 operis
1198 1344 1275 1379 siet
1300 1343 1465 1384 facturn,

120 1391 215 1435 quid
236 1394 367 1432 restet,
390 1392 540 1427 satisne
560 1392 729 1437 temperi
750 1401 873 1436 opera
893 1390 1054 1436 sie<n>t
1076 1392 1270 1433 confecta,
1285 1391 1468 1436 possitne

64 1450 99 1476 25
119 1453 218 1488 quae
244 1442 399 1486 reliqua
423 1443 528 1479 sient
554 1443 768 1485 conficere,
792 1445 833 1479 et
858 1444 953 1487 quid
977 1443 1127 1479 factum
1153 1444 1246 1484 vini,
1271 1443 1464 1479 frumenti

71 1496 93 1530 2
118 1495 368 1540 aliarumque
390 1506 523 1531 rerum
544 1497 733 1532 omnium.
764 1496 831 1531 ubi
851 1506 898 1531 ea
921 1498 1124 1540 cognovit,
1145 1497 1465 1532 rationeminire

117 1551 282 1592 oportet
310 1558 540 1593 operarum,
571 1550 737 1584 dierum.
778 1550 810 1584 si
840 1551 877 1585 ei
909 1559 1011 1593 opus
1043 1560 1118 1584 non
1151 1552 1335 1594 apparet,
1366 1549 1465 1585 dicit

117 1601 258 1638 vilicus
285 1601 425 1638 sedulo
453 1611 495 1638 se
523 1603 683 1644 fecisse,
709 1612 849 1638 servos
878 1612 956 1639 non
982 1602 1169 1644 valuisse,
1195 1604 1463 1647 tempestates

117 1655 243 1690 malas
277 1655 417 1697 fuisse,
452 1665 592 1691 servos
628 1656 850 1700 aufugisse,
883 1665 984 1700 opus
1022 1655 1224 1700 publicum
1257 1655 1464 1697 effecisse,

63 1717 99 1743 30
119 1707 186 1743 ubi
208 1718 277 1744 eas
304 1708 483 1752 aliasque
510 1718 653 1744 causas
678 1709 826 1744 multas
854 1709 969 1751 dixit,
994 1709 1044 1744 ad
1071 1710 1268 1745 rationem
1294 1718 1464 1753 operum

71 1763 94 1797 3
120 1771 417 1805 operarumque
455 1761 616 1798 vilicum
655 1772 811 1798 revoca.
862 1772 950 1798 cum
998 1763 1264 1807 tempestates
1306 1761 1469 1807 pluviae

116 1815 281 1857 fuerint,
303 1824 403 1858 quae
427 1824 554 1859 opera
578 1825 649 1859 per
671 1815 840 1851 imbrem
865 1815 959 1851 fieri
982 1816 1198 1860 potuerint,
1221 1815 1331 1851 dolia
1352 1814 1464 1851 lava-

118 1868 163 1908 ri,
191 1867 338 1912 picari,
373 1867 511 1903 villam
549 1869 727 1913 purgari,
762 1869 1008 1904 frumentum
1044 1868 1274 1909 transferri,
1308 1870 1463 1904 stercus

169 1990 183 2020 l
215 1991 284 2022 del.
311 1990 384 2022 luc.
444 1989 447 2029 Ι
506 1990 560 2031 Cf.
589 1991 680 2023 Gell.
702 1994 751 2029 10,
771 1995 821 2029 26,
842 1995 862 2022 8
923 1990 933 2029 ΙΙ
995 1991 1017 2021 4
1048 1999 1114 2022 eos
1142 1989 1303 2022 Gronov.
1330 1998 1423 2028 quos

118 2037 140 2067 9
172 2037 287 2069 Verba
315 2038 546 2070 instrumenti
568 2063 575 2070 .
592 2063 600 2070 .
616 2064 623 2071 .
642 2040 741 2070 bono
756 2039 825 2070 siet
851 2039 920 2070 del.
935 2038 1146 2070 Pontedera
1166 2035 1178 2076 ΙΙ
1200 2037 1242 2069 13
1258 2036 1420 2077 Cf.Varr.
1442 2042 1473 2074 1,

122 2089 149 2122 7,
169 2088 189 2115 9
231 2081 242 2123 ss
289 2084 331 2116 15
358 2085 430 2117 del.
456 2087 493 2117 et
525 2087 614 2118 add.
641 2086 710 2117 Leo
737 2094 781 2118 ex
805 2085 906 2117 Varr.
933 2087 955 2117 l.
976 2094 1005 2117 s.
1028 2094 1058 2117 s.
1085 2084 1132 2123 (si
1164 2086 1250 2116 vino
1282 2085 1382 2116 bono
1414 2085 1473 2116 vel

119 2132 149 2163 si
175 2132 262 2163 vino
291 2133 404 2164 multo
428 2134 594 2172 praeivit
622 2133 756 2165 Ursino
783 2134 875 2164 (lnce
894 2130 990 2171 Keil)
1009 2129 1021 2171 ΙΙ
1044 2131 1086 2163 16
1114 2131 1168 2172 Cf.
1189 2132 1284 2163 Ptin.
1306 2135 1355 2169 16,
1377 2135 1438 2163 176
1461 2130 1472 2171 ’ξ

122 2178 164 2210 19
197 2178 237 2210 R.
259 2178 287 2209 11
319 2178 435 2212 Patris
468 2180 628 2211 familiae
661 2177 834 2218 (familias
859 2179 923 2212 Vb
959 2180 1119 2211 familiae
1151 2178 1184 2210 A
1216 2180 1254 2210 et
1282 2176 1384 2218 Vict.)
1417 2179 1472 2210 of-

120 2226 203 2258 ficia
226 2225 230 2264 Ι
255 2225 310 2266 Cf.
332 2225 474 2259 Colum.
497 2231 524 2265 l,
545 2231 575 2264 8,
595 2231 637 2258 20
667 2225 678 2266 ΙΙ
710 2227 751 2259 21
781 2228 828 2259 ad
855 2227 1030 2266 postridie
1055 2224 1065 2266 ΙΙ
1091 2226 1135 2258 22
1163 2234 1350 2265 operaque
1375 2234 1473 2265 quae

119 2274 215 2305 facta
240 2273 312 2305 luc.
346 2282 459 2313 opera
486 2283 656 2313 quaeque
684 2271 872 2313 iacta1124
899 2275 987 2306 add.
1008 2273 1080 2306 lue.
1106 2270 1117 2312 ΙΙ
1149 2273 1193 2304 28
1219 2273 1392 2305 sedolosa
1419 2273 1473 2304 te*

119 2322 216 2352 cisse
243 2318 389 2358 (sedulo
416 2330 456 2353 se
483 2322 614 2353 iecisse
639 2320 687 2360 V)
