1618 2470
137 88 191 126 54
731 79 893 116 Catonis

64 187 217 234 CXXX]
271 187 487 224 Codicillos
521 188 760 233 oleagineos
794 191 832 223 et
866 191 998 223 cetera
1030 187 1140 233 ligna
1173 197 1334 223 amurca
1365 189 1487 223 cruda

137 241 387 287 perspargito
421 245 460 276 et
493 241 533 276 in
566 241 653 276 sole
680 241 832 285 ponito,
869 240 1080 285 perbibant
1105 241 1222 276 bene.
1274 241 1327 276 ita
1353 250 1486 286 neque

137 295 296 330 fumosa
324 297 438 330 erunt
465 297 504 329 et
530 294 729 329 ardebunt
755 294 872 329 bene.

67 346 236 393 CXXXI]
289 348 378 383 Piro
398 348 570 383 florente
600 347 746 392 dapem
768 357 839 392 pro
866 348 998 383 bubus
1024 348 1155 383 facito.
1193 350 1335 392 postea
1360 358 1487 384 verno

100 410 117 436 5
138 411 249 437 arare
276 401 455 446 incipito.
508 410 556 436 ea
582 401 672 436 loca
698 400 870 445 primum
899 403 1025 441 arato,
1054 410 1158 445 quae
1184 401 1348 437 rudecta
1374 402 1488 436 hare-

136 464 320 500 nosaque
347 457 471 490 erunt.
511 456 653 499 postea
680 454 736 488 uti
763 463 949 499 quaeque
977 453 1215 499 gravissima
1243 456 1281 489 et
1307 455 1488 500 aquosis-

137 508 239 543 sima
266 511 392 548 erunt,
420 508 473 543 ita
501 509 704 553 postremo
732 510 854 542 arato.

65 561 251 604 CXXXII]
304 561 461 606 Dapem
482 561 560 597 hoc
582 561 704 596 modo
725 560 810 595 fieri
832 563 1000 606 oportet.
1028 560 1111 596 Iovi
1134 561 1267 606 dapali
1284 561 1487 606 culignam

136 615 218 650 vini
246 617 437 660 quantam
464 615 526 649 vis
552 614 768 659 polluceto.
809 623 858 649 eo
883 614 949 649 die
973 614 1096 649 feriae
1122 615 1254 650 bubus
1281 617 1320 649 et
1345 615 1487 650 bubul-

84 676 117 703 ιο
138 669 194 704 cis
222 671 261 704 et
288 668 354 714 qui
383 669 531 713 dapem
557 667 716 703 facient.
763 677 854 703 cum
881 667 1086 712 pollucere
1113 668 1324 713 oportebit,
1350 668 1407 703 sic
1432 667 1488 702 fa-

137 722 237 757 cies:
267 721 459 766 ‘Iuppiter
492 720 660 766 dapalis,
688 721 797 765 quod
824 720 894 756 tibi
920 720 1005 755 fieri
1033 724 1191 766 oportet
1217 721 1256 756 in
1285 722 1407 757 domo
1433 721 1488 756 fa-

137 775 246 810 milia
274 784 366 810 mea
393 775 598 819 culignam
625 774 707 809 vini
737 774 848 819 dapi,
877 774 1020 818 ei<us>
1049 774 1103 809 rei
1132 784 1228 820 ergo
1256 777 1387 810 macte
1412 774 1488 809 hac

136 829 253 864 illace
281 829 386 873 dape
413 827 658 872 pollucenda
685 827 799 862 esto.'
853 837 996 862 manus
1024 827 1236 869 interluito,
1263 830 1406 873 postea
1431 827 1488 862 vi-

87 881 110 916 2
136 892 233 916 num
267 882 432 917 sumito:
469 880 658 926 ‘Iuppiter
692 880 865 925 dapalis,
899 883 1030 916 macte
1065 880 1190 917 istace
1222 882 1327 926 dape
1358 881 1487 926 pollu-

84 942 117 969 15
137 936 268 970 cenda
296 938 394 976 esto,
417 937 548 969 macte
569 934 666 970 vino
688 934 829 970 inferio
851 933 965 969 esto?
993 933 1153 975 Vestae,
1181 935 1212 970 si
1233 935 1359 975 voles,
1381 935 1486 970 dato.

136 989 237 1033 daps
263 988 347 1024 Iovi
377 987 527 1023 assaria
553 987 727 1032 pecunia
760 997 859 1022 urna
886 987 980 1023 vini.
1031 987 1115 1023 Iovi
1143 990 1252 1023 caste
1278 988 1486 1033 profanato

137 1052 209 1077 sua
236 1042 492 1087 contagione.
533 1043 675 1086 postea
697 1041 802 1086 dape
822 1041 925 1076 facta
947 1041 1066 1076 serito
1095 1040 1259 1081 milium,
1286 1041 1487 1086 panicum,

137 1095 271 1135 aliurn,
298 1095 458 1130 lentim..

65 1145 269 1193 CXXXIII]
322 1148 564 1193 Propagatio
604 1157 815 1193 pomorum
856 1150 1160 1193 ceterarumque
1192 1148 1389 1183 arborum.
1430 1158 1488 1182 ar-

81 1208 116 1235 20
135 1201 300 1237 boribus
327 1200 458 1245 ab<s>
479 1204 581 1236 terra
607 1201 704 1246 pulli
734 1201 800 1246 qui
829 1201 908 1236 nati
938 1204 1061 1241 erunt,
1084 1211 1154 1237 eos
1182 1201 1222 1237 in
1248 1204 1392 1236 terram
1420 1202 1488 1236 de-

87 1254 109 1288 2
135 1255 312 1300 primito,
346 1255 545 1295 extollite,
579 1255 633 1289 uti
669 1254 845 1290 radicem
881 1264 1025 1300 capere
1057 1254 1222 1299 possint.
1274 1254 1385 1295 inde,
1419 1255 1486 1289 ubi

135 1313 294 1353 tempus
322 1308 404 1348 erit,
433 1308 598 1343 effodito
626 1308 830 1353 seritoque
856 1311 975 1343 recte.
1010 1308 1143 1349 ficum,
1165 1308 1310 1348 oleam,
1338 1308 1487 1343 malum

138 1361 345 1402 Punicum,
361 1361 466 1396 mala
487 1364 647 1402 strutea,
670 1360 840 1397 Cotonia
855 1361 1015 1406 aliaque
1037 1362 1142 1396 mala
1163 1361 1310 1402 omnia,
1331 1361 1486 1396 laurum

140 1414 336 1459 Cypriam,
358 1414 609 1459 Delphicam,
631 1425 813 1459 prunum,
836 1417 1008 1450 murtum
1030 1415 1291 1460 coniugulum
1320 1417 1359 1450 et
1385 1424 1488 1449 mur-

78 1477 116 1503 25
135 1473 218 1502 tum
246 1468 382 1503 album
411 1470 450 1503 et
477 1467 648 1512 nigrum,
675 1477 800 1503 nuces
826 1467 1058 1509 Abellanas,
1086 1468 1377 1509 Praenestinas
1404 1467 1488 1512 pla¹

136 1527 285 1562 tanum,
313 1521 413 1556 haec
441 1521 577 1557 omnia
603 1530 754 1565 genera
775 1530 798 1555 a
819 1520 1016 1565 capitibus
1042 1520 1254 1566 propagari
1283 1520 1487 1565 eximique

86 1574 110 1609 3
136 1575 186 1609 ad
213 1574 321 1609 hunc
347 1574 513 1610 modurn
541 1574 752 1619 oportebit.
798 1583 902 1619 quae
929 1573 1162 1620 diligentius
1189 1574 1264 1610 seri
1291 1574 1417 1615 voles,
1446 1574 1485 1608 in

136 1627 328 1663 calicibus
352 1627 427 1663 seri
457 1630 623 1672 oportet.
668 1627 708 1662 in
735 1627 944 1662 arboribus
969 1627 1126 1663 radices
1147 1627 1201 1662 uti
1224 1627 1395 1673 capiant,
1423 1636 1487 1663 ca-

135 1681 253 1716 licem
280 1683 486 1726 pertusum
514 1681 660 1716 sumito
688 1680 758 1716 tibi
787 1683 853 1715 aut
880 1680 1111 1725 quasillum:
1140 1690 1209 1725 per
1236 1689 1329 1715 eum
1356 1690 1487 1715 ramuae

77 1741 116 1768 30
136 1734 217 1769 lum
244 1734 494 1769 transserito:
523 1743 615 1769 eum
636 1734 852 1779 quasillum
872 1736 975 1768 terra
995 1734 1147 1778 inpleto
1175 1733 1424 1778 calcatoque,
1446 1734 1484 1768 in

185 1850 199 1881 l
230 1849 269 1881 R.
299 1849 520 1881 CXXXVIIII
546 1850 663 1890 Ligna
688 1859 834 1881 amurca
859 1853 1074 1889 spargantur
1109 1848 1113 1887 Ι
1144 1848 1197 1889 Cf.
1224 1850 1319 1881 Plin.
1341 1854 1390 1887 15,
1410 1853 1450 1881 34

134 1898 154 1928 4
182 1896 221 1929 R.
250 1896 338 1928 CXL
365 1896 446 1929 Piro
473 1897 629 1929 florente
655 1897 788 1936 dapem
811 1906 875 1936 pro
898 1897 1016 1928 bubus
1043 1896 1121 1928 fieri
1144 1895 1149 1935 1
1174 1896 1228 1937 Cf.
1255 1907 1283 1929 e.
1303 1900 1366 1935 50,·
1390 1897 1485 1928 Ptin.

136 1947 183 1982 18,
203 1947 265 1975 243
283 1942 294 1983 ΙΙ
314 1943 335 1975 8
362 1944 402 1976 R.
424 1943 528 1976 CXLI
553 1944 695 1983 Dapem
721 1944 908 1984 quomodo
929 1944 1043 1975 facias
1069 1941 1080 1982 ΙΙ
1112 1944 1151 1976 11
1175 1945 1333 1983 iuppiter
1353 1953 1485 1984 apoyr.

133 1991 266 2030 Iupiter
291 1991 323 2023 V
365 1989 376 2031 ΙΙ
422 1992 463 2023 12
491 1992 570 2024 eius
597 1993 646 2024 rei
674 2000 761 2032 ergo
788 2001 812 2022 v
838 1992 872 2024 ei
905 1992 954 2023 rei
981 2000 1068 2031 ergo
1113 1989 1124 2031 ΙΙ
1169 1991 1212 2023 14
1238 1992 1396 2030 iuppiter
1422 1991 1485 2022 Ab

133 2038 266 2077 Iupiter
291 2038 352 2070 Vc
380 2036 391 2078 ΙΙ
425 2039 468 2070 16
496 2040 652 2078 pecuina
678 2048 712 2077 v,
739 2039 881 2071 Hauler
903 2048 941 2078 p.
955 2042 995 2070 24
1023 2037 1034 2077 ΙΙ
1069 2038 1111 2070 19
1137 2038 1177 2071 R.
1205 2038 1325 2071 CXLII
1350 2038 1485 2077 Propa-

133 2086 232 2125 gatio
255 2095 444 2124 pomorum
467 2083 472 2125 Ι
497 2086 550 2126 Cf.
565 2096 594 2118 e.
607 2090 659 2118 51.
673 2091 734 2124 52,·
754 2086 850 2118 Ptin.
866 2090 915 2124 17,
927 2089 969 2117 97
986 2084 997 2124 ΙΙ
1017 2086 1062 2117 20
1083 2087 1171 2118 add.
1182 2087 1263 2118 Keil
1276 2084 1337 2125 (cf.
1358 2095 1387 2117 e.
1398 2084 1456 2118 51)

133 2133 178 2165 23
204 2136 362 2165 cotonea
388 2133 471 2165 Acf
496 2135 645 2165 cotonia
670 2134 732 2166 Vb
752 2130 763 2173 ΙΙ
792 2133 837 2164 24
865 2132 919 2172 Cf.
940 2143 970 2165 c.
988 2136 1018 2171 8,
1039 2137 1079 2171 2,·
1111 2134 1209 2165 Plin.
1231 2137 1279 2172 15,
1302 2137 1373 2164 122.
1389 2137 1450 2165 127
1478 2131 1481 2173 l

134 2181 275 2212 mirtum
303 2182 461 2220 utroque
488 2182 569 2213 Ioco
602 2190 735 2221 apoyr.
763 2183 913 2220 myrtum
939 2180 971 2212 V
1012 2179 1016 2218 Ι
1063 2181 1298 2220 coniugulum
1326 2189 1349 2211 v
1382 2181 1484 2212 coni-

133 2227 256 2259 uolum
283 2228 362 2260 Pol.
390 2229 600 2260 conuiolum
634 2237 767 2268 apoyr.
810 2225 821 2267 ΙΙ
865 2227 910 2259 29
944 2228 1136 2266 quasillum
1170 2237 1302 2268 apoyr.
1330 2230 1367 2259 et
1395 2227 1481 2259 Viet.

132 2275 314 2313 quasilum
341 2275 421 2307 Pol.
448 2273 664 2314 (quassilum
686 2275 726 2314 v)
749 2273 753 2313 Ι
778 2284 840 2313 per
875 2284 956 2307 eum
985 2284 1008 2306 v
1035 2284 1099 2313 per
1125 2284 1168 2307 ea
1188 2273 1199 2314 ΙΙ
1219 2275 1264 2307 30
1291 2275 1484 2314 quasillum

134 2331 267 2362 (moyr.
294 2325 330 2354 et
360 2322 445 2354 Vict.
474 2323 673 2361 quassilum
702 2322 733 2354 V
