1618 2470
522 94 583 130 De
611 94 694 139 agri
723 94 874 129 cultura
902 104 932 129 c.
952 95 1118 129 94—104
1438 101 1492 139 47

146 204 210 245 ris,
231 202 479 249 splendidior
506 202 584 237 fiet.
624 201 719 236 item
747 202 904 237 ahenea
932 201 1068 237 omnia
1089 202 1271 246 unguito,
1293 203 1364 237 sed
1392 201 1498 247 prius

145 259 353 302 extergeto
385 256 502 291 bene.
554 257 696 300 postea
729 264 820 291 cum
856 255 1030 295 unxeris,
1065 264 1155 290 cum
1189 255 1244 290 uti
1278 256 1404 296 voles,
1431 265 1498 291 ex-

142 313 310 355 tergeto.
361 309 611 354 splendidior
638 308 720 350 erit,
748 311 787 344 et
813 318 966 354 aerugo
994 318 1075 344 non
1103 308 1175 344 erit
1202 309 1384 344 molesta.

189 363 270 399 Fici
291 363 427 398 aridae
448 363 481 398 si
504 363 619 398 voles
646 360 762 407 ut<i>
784 363 965 407 integrae
992 363 1080 403 sint,
1102 362 1141 397 in
1169 372 1241 398 vas
1276 361 1569 407 [LXXXXVIIII

139 417 262 453 fictile
289 417 465 453 condito.
517 417 557 452 id
585 426 748 452 amurca
775 417 945 451 decocta
972 416 1156 461 unguito.
1535 425 1553 451 5

188 469 333 506 Oleum
361 470 393 506 si
420 471 460 505 in
488 472 697 505 metretam
724 479 874 505 novam
902 469 1098 504 inditurus
1127 470 1213 510 eris,
1242 479 1415 511 amurca,
1443 470 1496 505 ita
1525 468 1568 514 [C

140 524 196 559 uti
223 526 283 560 est
310 525 449 565 cruda,
476 524 584 569 prius
611 523 790 559 conluito
824 524 1060 569 agitatoque
1088 523 1173 564 diu,
1202 526 1243 558 ut
1270 524 1375 559 bene
1402 533 1496 559 con-

140 577 262 613 bibat.
314 577 354 613 id
389 577 421 613 si
456 577 615 616 feceris,
652 580 820 612 metreta
853 577 989 612 oleum
1025 586 1107 612 non
1140 577 1267 618 bibet,
1295 580 1333 612 et
1360 577 1494 613 oleum

140 631 285 666 melius
311 631 440 672 faciet,
468 633 506 666 et
532 630 620 676 ipsa
647 633 814 666 metreta
840 630 990 666 firmior
1017 630 1100 666 erit.

192 684 336 730 Virgas
356 686 531 720 murteas
557 684 590 719 si
611 685 725 720 voles
754 694 844 720 cum
866 684 977 720 bacis
1000 694 1161 720 servare
1189 686 1226 719 et
1253 684 1348 719 item
1377 684 1473 719 aliut
1502 682 1565 729 [CI

139 747 270 782 genus
302 738 411 783 quod
437 738 515 779 vis,
544 740 583 773 et
609 738 641 773 si
674 738 850 773 ramulos
883 738 1080 773 ficulneos
1112 738 1227 773 voles
1254 747 1344 773 cum
1378 738 1493 779 foliis,
1516 746 1546 772 11

139 791 241 827 inter
266 801 311 827 se
336 791 514 837 alligato,
541 791 754 827 fasciculos
790 791 927 832 facito,
956 801 1026 827 eos
1054 791 1093 826 in
1120 800 1324 826 amurcam
1353 792 1493 827 demit-

138 845 222 886 tito,
249 855 368 890 supra
394 848 472 880 stet
498 854 661 880 amurca
681 844 812 880 facito.
846 845 918 880 sed
941 854 988 880 ea
1015 854 1120 889 quae
1148 844 1396 880 demissurus
1417 845 1493 880 eris

139 898 286 934 sumito
306 899 428 944 paulo
450 898 668 934 acerbiora.
701 908 784 939 vas,
806 907 886 943 quo
909 898 1149 939 condideris,
1171 897 1340 933 oblinito
1361 898 1492 943 plane.

186 950 227 987 Si
253 952 402 987 bovem
424 954 492 986 aut
513 951 632 986 aIIam
654 952 839 996 quamvis
860 952 1165 996 quadrupedem
1187 961 1353 997 serpens
1374 962 1457 988 mo·
1487 950 1564 996 [CII

138 1005 339 1045 morderit‚
366 1005 559 1041 melanthi
586 1005 854 1046 acetabulum,
882 1006 991 1050 quod
1018 1005 1165 1040 medici
1192 1008 1340 1042 vocant
1365 1016 1493 1041 zmur·
1515 1013 1548 1039 16

138 1067 298 1101 naeum,
325 1059 521 1095 conterito
551 1059 592 1095 in
618 1058 700 1093 vini
727 1058 874 1094 veteris
901 1058 1077 1094 hemina.
1128 1058 1168 1093 id
1195 1069 1266 1104 per
1292 1069 1409 1095 nares
1435 1059 1493 1094 in-

138 1112 222 1147 dito
244 1114 283 1148 et
302 1113 354 1148 ad
374 1113 506 1158 ipsum
528 1122 705 1148 morsum
725 1116 878 1148 stercus
898 1112 1059 1147 suillum
1081 1112 1287 1157 adponito.
1325 1115 1363 1148 et
1384 1113 1490 1147 idem

138 1164 228 1205 hoc,
254 1166 287 1201 si
314 1176 409 1202 usus
436 1164 658 1211 [e]venerit‚
685 1166 839 1201 homini
866 1166 997 1201 facito.

186 1218 320 1254 Boves
346 1219 402 1254 uti
428 1219 592 1254 valeant
622 1222 660 1254 et
687 1219 811 1254 curati
837 1219 944 1254 bene
970 1220 1058 1262 sint,
1081 1222 1119 1254 et
1143 1220 1209 1264 qui
1236 1219 1440 1255 fastidient
1468 1218 1561 1265 [CIII

139 1271 290 1313 cibum,
324 1272 380 1307 uti
413 1272 542 1318 magis
576 1272 723 1317 cupide
759 1273 968 1317 adpetant,
1001 1273 1193 1318 pabulum
1230 1274 1338 1318 quod
1375 1273 1490 1308 dabis
1511 1282 1541 1308 21

138 1334 300 1361 amurca
319 1326 515 1371 spargito;
537 1325 664 1371 primo
688 1326 908 1370 paululum,
930 1327 1026 1361 dum
1048 1329 1326 1367 consuescant,
1348 1329 1489 1372 postea

138 1378 280 1424 magis,
302 1381 341 1415 et
362 1380 456 1415 dato
476 1382 652 1414 rarenter
671 1379 810 1415 bibere
831 1380 1077 1415 conmixtam
1099 1390 1189 1415 cum
1210 1389 1315 1424 aqua
1343 1389 1488 1425 aequa-

137 1431 278 1467 biliter.
317 1435 456 1477 quarto
478 1432 617 1478 quinto
639 1443 801 1478 quoque
828 1433 894 1468 die
920 1433 998 1468 hoc
1024 1433 1081 1469 sic
1107 1433 1242 1469 facies.
1283 1433 1335 1468 ita
1362 1433 1489 1469 boves

137 1487 177 1519 et
203 1494 370 1530 corpore
396 1486 613 1522 curati0res
641 1489 765 1527 erunt,
794 1489 832 1521 et
859 1487 1022 1522 morbus
1049 1487 1186 1522 aberit.
1508 1496 1543 1522 25

183 1538 332 1574 Vinum
357 1539 534 1575 familiae
560 1549 630 1584 per
655 1539 832 1575 hiemem
864 1540 931 1585 qui
958 1542 1098 1575 utatur.
1138 1540 1257 1576 musti
1279 1547 1319 1579 Q.
1340 1548 1368 1575 X
1395 1541 1434 1576 in
1464 1540 1560 1585 [CIV

136 1591 289 1627 dolium
309 1592 447 1634 indito,
469 1593 571 1628 aceti
598 1593 698 1629 acris
721 1600 760 1631 Q.
783 1602 808 1628 11
838 1595 984 1629 eodem
1005 1594 1214 1635 infundim,
1236 1604 1360 1639 sapae
1387 1601 1428 1633 Q.
1449 1603 1486 1635 11,

136 1655 268 1690 aquae
294 1647 422 1682 dulcis
442 1653 482 1685 Q.
504 1655 539 1681 L.
578 1647 680 1683 haec
706 1648 805 1683 rude
826 1647 994 1683 misceto
1022 1650 1080 1683 ter
1106 1647 1146 1683 in
1167 1648 1233 1683 die
1261 1648 1347 1683 dies
1374 1647 1486 1693 quin·
1513 1648 1535 1682 2

136 1708 215 1743 que
242 1700 466 1736 continuos.
512 1710 561 1736 eo
588 1701 727 1736 addito
754 1710 886 1746 aquae
912 1701 1090 1736 marinae
1117 1701 1265 1737 veteris
1291 1701 1487 1737 sextarios

136 1760 250 1787 ann
278 1756 316 1788 et
342 1754 575 1799 operculum
603 1754 642 1789 in
677 1754 828 1790 dolium
862 1754 1044 1799 inponito
1075 1757 1113 1790 et
1140 1754 1308 1790 oblinito
1337 1754 1485 1800 <post>
1505 1761 1541 1789 30

182 1911 204 1942 4
242 1911 281 1944 R.
309 1910 416 1943 CVIII
454 1912 527 1944 Fici
566 1913 690 1944 aridae
721 1914 771 1944 uti
810 1914 974 1952 integrae
1011 1914 1084 1944 sint
1144 1910 1148 1951 Ι
1207 1914 1294 1945 add.
1327 1913 1407 1945 Keil
1443 1922 1485 1945 ex

136 1960 285 1991 rubrica
332 1955 336 1998 Ι
385 1958 438 1999 Cf.
464 1960 560 1992 Plin.
583 1964 632 1999 15,
651 1963 692 1991 34
735 1957 746 1999 ΙΙ
789 1960 811 1991 6
838 1959 876 1991 R.
904 1959 1029 1992 CV1111
1062 1959 1192 1992 Oleum
1219 1962 1249 1992 si
1277 1959 1322 1997 (si
1350 1970 1482 2000 apoyr.

135 2009 172 2038 et
188 2006 274 2038 vict.
301 2008 353 2038 sic
378 2005 425 2046 V)
452 2008 489 2038 in
523 2010 709 2039 metretam
736 2008 851 2040 addes
892 2005 896 2047 Ι
939 2007 993 2047 Cf.
1019 2007 1115 2040 Plin.
1136 2012 1185 2046 15,
1199 2011 1240 2039 33
1283 2005 1293 2047 ΙΙ
1338 2008 1357 2039 7
1385 2017 1482 2040 com-

135 2054 236 2085 bibat
260 2063 284 2085 v
310 2054 483 2086 conuibat
524 2052 536 2094 ΙΙ
582 2055 625 2086 10
651 2054 691 2087 R.
718 2054 778 2086 CX
804 2055 934 2094 Virgas
967 2058 1123 2087 murteas
1154 2057 1204 2087 uti
1240 2064 1366 2087 serues
1397 2056 1481 2087 item

134 2101 232 2133 aliud
257 2110 376 2141 genus
411 2098 415 2140 Ι
451 2101 506 2141 Cf.
525 2103 622 2135 Plin.
643 2106 693 2141 15,
712 2106 754 2134 34
781 2099 793 2142 ΙΙ
823 2102 865 2134 15
893 2102 932 2134 R.
960 2101 1036 2134 CXI
1062 2102 1099 2134 Si
1126 2103 1260 2135 bouem
1287 2106 1348 2134 aut
1374 2103 1480 2134 aliam

135 2149 408 2187 quadrupedem
436 2157 588 2188 serpens
614 2150 846 2182 momorderit
883 2146 894 2190 ΙΙ
934 2149 976 2181 19
1003 2151 1072 2182 del.
1093 2150 1177 2182 Vict.
1209 2147 1221 2190 ΙΙ
1252 2150 1298 2182 20
1324 2150 1363 2182 R.
1391 2149 1481 2182 CXII

133 2195 256 2228 Boues
287 2198 337 2228 uti
364 2196 511 2227 ualeant
568 2194 572 2237 Ι
630 2199 728 2229 sient
752 2197 813 2234 bt,
847 2198 1013 2237 fortasse
1039 2199 1136 2229 recte
1194 2195 1198 2238 Ι
1258 2197 1313 2238 Cf.
1341 2197 1481 2230 Colum

134 2249 162 2280 fs,
182 2246 213 2281 4,
233 2247 252 2274 4
295 2240 306 2283 ΙΙ
349 2244 394 2275 24
427 2247 553 2282 quarto
587 2247 649 2276 aut
672 2244 774 2284 Keil‚·
812 2245 856 2285 ef.
882 2244 1025 2276 Hauler
1046 2255 1084 2284 ρ.
1099 2248 1139 2276 18
1180 2243 1191 2285 ΙΙ
1235 2245 1280 2277 26
1307 2245 1346 2277 R.
1375 2244 1479 2275 CXIII

132 2290 266 2323 Vinum
298 2291 456 2322 familiae
489 2300 551 2329 per
576 2292 745 2332 hyemem
771 2289 944 2330 (hiemem
972 2290 1086 2332 Abv)
1113 2295 1176 2331 qui
1207 2296 1325 2324 utatur
1347 2290 1351 2331 Ι
1375 2293 1479 2323 musti

133 2339 332 2376 quartarios
359 2343 385 2368 X
406 2335 417 2376 Η
437 2338 479 2369 27
507 2347 621 2377 sapae
648 2340 897 2378 quadrantalia
924 2344 948 2370 11
970 2337 981 2379 Η
1001 2340 1045 2371 30
1072 2340 1159 2371 add.
1186 2340 1225 2373 A.
1254 2339 1403 2372 Gronov

1219 2396 1266 2430 58
