1618 2470
131 48 185 88 34
723 42 885 79 Catonis

130 159 221 185 mae
247 153 349 190 sunt.
377 153 459 185 tum
482 150 658 195 denique
681 153 860 185 maturae
886 154 988 191 sunt,
1011 151 1077 186 ubi
1105 151 1203 187 liber
1223 161 1314 186 sese
1341 153 1479 186 vertet.

130 203 161 238 si
190 203 229 238 in
256 204 465 239 scrobibus
486 206 555 239 aut
582 203 621 238 in
642 204 763 239 sulcis
790 213 911 244 seres,
931 206 1064 239 ternas
1085 204 1212 239 taleas
1232 203 1372 249 ponito
1393 213 1479 239 eas-

130 266 208 301 que
235 256 468 298 divaricato,
496 267 616 302 supra
633 259 777 292 terram
798 266 850 292 ne
871 257 960 302 plus
982 265 1036 291 1111
1059 257 1207 302 digitos
1227 260 1479 293 transvorsos

130 310 353 351 emineant;
380 311 445 346 vel
473 311 614 346 oculos
641 310 773 346 serito.

58 361 192 409 XLVI]
255 363 523 399 Seminarium
563 364 612 399 ad
652 363 758 399 hunc
800 364 965 399 modum
1003 363 1135 399 facito.
1185 364 1318 399 locum
1358 373 1478 409 quam

93 424 111 451 6
131 417 327 462 optimum
361 420 399 452 et
431 417 727 462 apertissimum
765 420 804 452 et
839 416 1222 452 stercorosissimum
1256 417 1405 461 poteris
1441 420 1480 452 et

130 479 250 515 quam
283 470 530 505 simillimum
563 480 693 515 genus
726 472 854 505 terrae
882 479 973 510 eae,
1001 469 1069 504 ubi
1097 469 1252 505 semina
1278 469 1479 514 positurus

130 523 224 564 eris,
252 526 291 559 et
318 523 372 558 uti
400 533 451 559 ne
483 523 602 558 nimis
634 523 758 568 longe
791 523 947 558 semina
976 532 1025 558 ex
1052 522 1268 558 seminario
1293 523 1477 564 ferantur,

130 586 222 612 eum
250 577 383 612 locum
416 576 567 621 bipalio
594 576 754 617 venito,
788 576 1021 621 delapidato
1055 576 1286 621 circumque
1321 576 1478 621 saepito

76 638 110 665 10
130 630 235 665 bene
263 632 301 665 et
326 630 366 665 in
393 629 534 665 ordine
561 630 693 665 serito.
745 629 783 664 in
810 629 1096 674 sesquipedem
1124 639 1288 675 quoquo
1314 639 1477 666 vorsum

79 683 103 718 2
128 683 275 719 taleam
303 683 501 718 demittito
528 683 826 728 opprimitoque
859 683 975 727 pede.
1027 683 1059 718 si
1086 693 1226 728 parum
1253 682 1480 728 deprimere

130 736 289 781 poteris,
317 736 463 772 malleo
491 738 558 771 aut
591 735 754 771 matiola
782 735 946 781 adigito.
992 735 1163 780 digitum
1190 745 1309 781 supra
1335 738 1479 771 terram

128 790 247 825 facito
280 789 435 825 semina
468 789 673 824 emineant
704 789 882 833 limoque
914 788 1066 824 bubulo
1099 798 1298 824 summam
1331 789 1479 825 taleam

129 842 297 878 oblinito
324 843 569 887 signumque
596 844 692 887 aput
711 842 859 877 taleam
882 841 1074 886 adponito
1098 842 1319 887 crebroque
1345 842 1479 882 sarito.

77 904 110 931 15
130 895 162 931 si
188 896 303 931 voles
329 895 408 931 cito
435 895 590 930 semina
612 898 804 930 crescant.
844 895 894 929 ad
917 895 1092 930 eundem
1120 896 1285 931 modum
1313 895 1391 930 alia
1418 905 1478 931 se-

130 949 238 984 mina
264 949 396 984 serito.

57 1001 207 1047 XLVII]
247 1002 523 1037 Harundinem
544 1001 600 1037 sic
627 1001 764 1037 serito:
793 1005 927 1037 ternos
947 1002 1074 1047 pedes
1095 1002 1235 1038 oculos
1262 1002 1479 1048 disponito.

176 1055 384 1090 Vitiarium
411 1055 557 1091 eodem
586 1055 709 1090 modo
743 1054 863 1089 facito
890 1055 1105 1100 seritoque.
1156 1055 1223 1091 ubi
1249 1055 1342 1091 vitis
1368 1055 1477 1091 bima

131 1108 218 1148 erit.
252 1108 439 1143 resicato:
473 1107 540 1143 ubi
573 1107 688 1143 trima
722 1107 810 1148 erit,
839 1107 1014 1144 eximito.
1066 1108 1098 1144 si
1131 1118 1255 1154 pecus
1282 1111 1479 1154 pascetur,

74 1170 110 1197 20
131 1161 197 1197 ubi
217 1161 341 1197 vitem
362 1171 495 1197 serere
515 1161 641 1201 voles,
663 1163 721 1196 ter
748 1160 854 1205 prius
875 1161 1056 1202 resicato.
1079 1171 1199 1206 quam
1220 1162 1271 1197 ad
1295 1162 1478 1198 arborem

130 1225 268 1260 ponas.
321 1214 387 1250 ubi
414 1222 442 1249 v
469 1214 658 1259 nodo<s>
686 1217 844 1249 veteres
877 1215 1058 1256 habebit,
1094 1218 1178 1250 tum
1212 1216 1263 1250 ad
1296 1216 1478 1251 arborem

131 1268 279 1313 ponito.
319 1267 534 1313 quotannis
555 1267 755 1312 porrinam
783 1267 915 1308 serito,
937 1268 1153 1313 quotannis
1180 1268 1349 1304 habebis
1370 1270 1479 1313 quod

131 1320 347 1366 ex[s]imas.

57 1373 225 1419 XLVIII]
286 1374 514 1410 Pomarium
554 1374 812 1409 seminarium
849 1375 899 1409 ad
939 1375 1115 1410 eundem
1155 1375 1320 1410 modum
1359 1377 1480 1420 atque

75 1436 111 1463 25
131 1428 389 1473 oleagineum
416 1427 547 1463 tacito.
597 1438 715 1463 suum
743 1428 938 1473 quidquid
967 1437 1098 1472 genus
1124 1428 1319 1463 talearum
1347 1428 1480 1464 serito.

176 1481 325 1517 Semen
360 1481 537 1526 cupressi
570 1481 638 1516 ubi
671 1490 798 1522 seres,
833 1480 984 1526 bipalio
1017 1481 1173 1517 vertito.
1223 1491 1318 1516 vere
1350 1481 1479 1526 primo

82 1536 104 1570 2
131 1534 261 1570 serito.
289 1543 431 1580 porcas
452 1535 579 1579 pedes
600 1534 745 1579 quinos
766 1534 866 1569 latas
886 1533 1016 1574 facito,
1039 1543 1088 1569 eo
1109 1536 1261 1569 stercus
1283 1534 1478 1569 minutum

131 1587 279 1628 addito,
314 1587 513 1623 consarito
545 1587 771 1632 glebasque
804 1587 1066 1623 conminuito.
1117 1596 1280 1632 porcam
1316 1587 1480 1632 planam

130 1641 260 1683 facito,
288 1641 453 1686 paulum
481 1650 717 1676 concavam.
756 1643 841 1676 tum
862 1649 1002 1676 semen
1024 1640 1144 1676 serito
1172 1641 1354 1676 crebrum
1380 1643 1481 1676 tam-

75 1703 111 1731 30
130 1704 251 1740 quam
271 1695 408 1735 linum,
425 1703 474 1730 eo
489 1696 634 1730 terram
655 1694 782 1729 cribro
804 1694 999 1729 incernito
1020 1694 1141 1729 altam
1163 1694 1333 1739 digitum
1354 1697 1480 1730 trans-

130 1757 302 1784 versum.
341 1757 431 1783 eam
452 1750 597 1783 terram
619 1747 756 1783 tabula
782 1750 849 1782 aut
876 1746 1048 1792 pedibus
1076 1747 1330 1792 conplanato,
1349 1748 1480 1783 furcas

130 1802 278 1837 circum
305 1801 471 1846 offigito‚
500 1810 549 1836 eo
576 1801 747 1846 perticas
775 1800 985 1841 intendito,
1008 1809 1057 1836 eo
1081 1803 1283 1836 sarmenta
1309 1803 1377 1836 aut
1397 1810 1480 1836 cra-

128 1855 178 1890 tis
203 1854 359 1890 ficarias
392 1854 591 1899 inponito,
619 1863 725 1899 quae
756 1853 881 1899 frigus
914 1854 1134 1889 defendant
1167 1856 1205 1889 et
1231 1854 1373 1890 solem.
1424 1855 1479 1889 uti

180 1954 194 1984 1
226 1951 398 1991 maturae]
426 1961 534 1985 curae
560 1954 667 1985 codd.
694 1952 790 1984 Ptin.
833 1949 844 1991 ΙΙ
887 1952 908 1983 5
934 1951 974 1984 R.
996 1951 1085 1984 L1111
1119 1952 1359 1984 Seminarium
1387 1960 1478 1990 quo-

130 2001 240 2032 modo
262 2001 325 2032 fiat
344 2009 477 2040 apoyr.
498 2002 535 2032 et
552 2000 637 2032 Vict.
659 2000 899 2032 Seminarium
927 2008 999 2038 quo
1021 1999 1084 2031 fiat
1106 2000 1216 2031 modo
1230 1999 1263 2032 V
1284 1998 1289 2038 Ι
1313 1999 1367 2040 Cf.
1381 1999 1478 2031 Plin.

132 2052 180 2085 17,
195 2051 234 2079 69
253 2045 264 2087 ΙΙ
286 2047 327 2079 17
355 2047 394 2079 R.
415 2047 475 2079 LV
495 2047 670 2079 Harundo
691 2047 879 2086 quomodo
905 2049 1042 2078 seratur
1064 2045 1069 2086 Ι
1094 2046 1147 2086 Cf.
1167 2056 1197 2079 c.
1212 2051 1241 2085 6,
1255 2050 1275 2078 3
1293 2044 1305 2084 Η
1323 2046 1365 2078 21
1389 2048 1478 2078 add.

130 2095 194 2127 Av
214 2092 225 2134 Ιί
245 2095 288 2126 22
316 2095 415 2133 quod
440 2095 548 2126 annis
570 2092 575 2134 Ι
597 2095 707 2127 serito
734 2092 800 2133 (ibi
826 2094 937 2127 serito
962 2093 995 2126 V
1020 2094 1169 2126 inserito
1202 2092 1304 2133 vict.)
1339 2091 1343 2133 l
1377 2094 1478 2133 quod

130 2143 237 2174 annis
256 2140 267 2178 ΙΙ
287 2142 332 2173 24
358 2141 398 2174 R.
419 2141 495 2173 LVI
521 2141 727 2174 Pomarium
753 2142 986 2173 seminarium
1010 2139 1015 2179 Ι
1038 2141 1160 2180 adque
1179 2138 1190 2180 ΙΙ
1209 2141 1254 2172 25
1280 2141 1449 2181 quidquit

131 2189 175 2221 26
203 2189 257 2229 Cf.
275 2198 304 2221 c.
326 2193 382 2220 151
427 2187 439 2228 ΙΙ
483 2188 527 2220 28
559 2189 796 2222 comminuito
829 2187 911 2220 Aci
948 2190 1173 2220 comminuto
1212 2189 1276 2219 bm
1315 2196 1477 2220 commu-

131 2238 207 2269 nito
228 2236 259 2268 V
279 2234 290 2275 Η
310 2236 354 2267 29
380 2237 489 2268 serito
517 2237 679 2268 crebrum
694 2237 836 2275 Ρορηια
852 2232 912 2275 (cf.
934 2245 962 2267 c.
980 2234 1054 2274 151)
1074 2237 1184 2268 serito
1205 2236 1304 2267 cribo
1323 2232 1335 2275 ΙΙ
1355 2235 1395 2267 31
1422 2234 1478 2275 Cf.

132 2284 227 2316 Ριίη.
250 2288 297 2322 17,
312 2288 345 2314 71
