1575 2470
137 75 187 109 lv
258 62 259 65 ’
665 68 954 105 ΡΗΑΕΡΑΤΙΟ

136 180 335 221 Varronis.
387 178 489 214 Nam
527 176 718 221 quoniam
755 178 793 211 et
825 175 1118 211 Politianum
1153 176 1219 220 qui
1253 176 1382 220 ipsum
1418 186 1483 212 co-

138 234 286 269 dicem·
309 233 538 277 inspexerat
575 233 612 265 et
648 229 959 273 discrepantiam
991 229 1210 273 scripturae
1237 229 1278 264 in
1306 230 1484 266 editione

139 285 318 332 principe
354 286 634 324 adnotaverat,
670 292 793 327 saepe
830 291 913 316 rem
949 282 1311 327 neglegentissime
1350 284 1486 329 egisse

140 342 296 376 constat
322 347 455 383 neque
488 338 527 372 in
560 335 850 372 recentioribus
879 335 1086 371 codicibus
1112 339 1291 372 veterem
1319 337 1483 381 scriptu-

140 403 222 428 ram
243 401 402 436 semper
423 393 607 426 accurate
629 399 861 434 expressam
883 398 972 424 esse
993 389 1270 431 animadverti,
1292 391 1343 425 ad
1363 390 1486 425 fidem

139 445 325 482 Politiani
353 444 665 480 examinandam
694 446 732 478 et
752 442 1022 487 supplendam
1043 442 1221 486 pluribus
1242 443 1487 488 apographis

141 509 243 544 opus
271 501 365 534 erat.
411 498 509 532 Rem
537 497 656 542 igitur
681 496 749 531 tali
778 495 901 530 modo
928 495 1095 531 institui:
1124 496 1369 541 ubicumque
1391 506 1489 532 con-

141 550 406 588 sentientibus
443 550 631 586 omnibus
665 549 729 585 vel
764 548 943 593 plurimis
976 549 1222 594 apographis
1255 559 1346 584 curn
1379 550 1487 593 testi-

142 604 279 640 monio
307 603 492 639 Politiani
521 603 572 638 de
599 602 791 647 scriptura
818 602 1024 647 archetypi
1052 603 1272 643 constabat,
1300 603 1403 638 hanc
1425 613 1489 638 so-

143 659 222 693 lam
249 657 384 702 posui;
410 656 478 691 ubi
506 659 640 691 autem
669 655 937 700 discrepantia
963 655 1153 691 librorum
1181 666 1301 691 manu
1324 656 1489 702 scripto-

143 722 228 747 rum
244 712 295 746 de
315 710 395 745 fide
416 709 602 745 Politiani
623 708 917 744 dubitationem
934 709 1123 744 movebat
1137 709 1203 744 vel
1218 709 1338 745 etiam
1354 713 1491 755 aperte

145 764 289 800 rectius
315 764 355 798 in
382 763 459 798 illis
487 765 603 798 vetus
630 763 823 807 scriptura
849 764 1007 797 servata
1035 766 1128 803 erat,
1150 767 1359 808 utramque
1380 763 1490 798 lecti-

145 828 265 854 onem
294 817 469 852 exhibui.
521 826 601 860 qua
636 816 676 850 in
712 825 753 851 re
787 825 891 860 quae
923 815 1144 851 Politianus
1172 826 1194 851 e
1220 820 1357 851 vetere
1390 816 1491 851 libro

146 873 409 907 adnotaverat
436 869 622 914 apposita
648 874 744 905 nota
771 869 945 904 nominis
972 869 1076 910 Pol..
1114 879 1218 914 quae
1244 869 1283 904 in
1312 868 1493 914 principe

146 925 323 961 editione
349 933 431 959 non
460 926 612 958 mutata
643 923 867 967 reliquerat,
907 923 936 957 V
960 926 1055 958 nota
1087 922 1312 968 significavi
1346 923 1433 967 (pro
1468 922 1498 956 V

147 979 263 1024 posui
291 988 324 1018 υ,
362 977 430 1012 ubi
465 977 697 1012 testimonio
736 975 921 1011 Politiani
957 975 1113 1011 solius
1147 975 1366 1010 Merulae
1401 984 1492 1010 esse

147 1031 380 1076 scripturam
409 1029 597 1065 editionis
619 1029 808 1074 principis
830 1030 1151 1072 demonstratur),
1173 1028 1358 1064 codicum
1381 1029 1494 1064 deni-

148 1094 226 1130 que
252 1084 448 1120 lectiones
475 1086 542 1118 aut
569 1083 774 1118 communi
801 1083 918 1128 signo
946 1092 1093 1126 apoyr.
1115 1081 1404 1126 comprehendi
1426 1086 1495 1116 aut

148 1138 215 1173 ubi
243 1138 391 1182 singuli
418 1137 505 1172 libri
533 1136 769 1172 nominandi
797 1138 908 1171 erant
929 1136 1010 1170 suis
1032 1135 1136 1170 notis
1158 1135 1344 1170 indicavi.
1392 1134 1495 1169 Libri

149 1194 284 1226 autem
311 1191 456 1235 quibus
483 1200 578 1224 usus
606 1200 694 1225 sum
721 1189 760 1224 hi
790 1193 896 1225 sunt:

245 1275 279 1309 A
294 1288 338 1303 =
355 1274 484 1309 codex
512 1272 713 1308 Parisinus
739 1273 833 1308 6884
854 1272 904 1310 Α;

245 1328 270 1362 b
294 1342 338 1356 =
355 1327 484 1362 codex
513 1326 802 1361 Laurentianus
828 1327 884 1366 51,
905 1325 943 1365 2;

247 1390 266 1415 c
296 1395 339 1408 =
358 1380 487 1415 codex
516 1378 718 1415 Caesenas
744 1379 1016 1414 bibliothecae
1044 1378 1365 1415 Malatestianae;

246 1434 258 1468 f
296 1434 487 1468 =codex
516 1433 805 1468 Laurentianus
831 1433 888 1472 51,
910 1433 947 1471 12

244 1497 336 1521 rn=
353 1487 482 1521 codex
512 1486 719 1521 Mediceus
745 1486 810 1521 vel
840 1486 1128 1521 Laurentianus
1153 1485 1210 1525 30,
1234 1485 1287 1519 10.

153 1571 313 1606 Praeter
339 1570 461 1604 libros
489 1579 609 1604 manu
643 1569 812 1613 scriptos
839 1569 1004 1604 adhibui
1043 1568 1261 1604 editionem
1290 1568 1498 1603 Victorii

153 1623 247 1659 anni
274 1623 376 1663 1541,
405 1623 471 1667 qui
499 1632 602 1657 unus
629 1625 720 1667 post
741 1622 982 1658 Politianum
1011 1622 1141 1666 ipsum
1161 1621 1408 1656 Marcianum
1431 1631 1496 1656 co-

154 1676 285 1712 dicem
314 1678 574 1720 usurpaverat
601 1679 639 1710 et
665 1675 861 1711 lectiones
888 1676 996 1710 haud
1025 1685 1173 1720 paucas
1207 1675 1246 1709 in
1274 1685 1387 1710 suam
1416 1675 1499 1710 edi-

154 1730 306 1765 tionem
334 1732 550 1773 receperat,
578 1729 677 1764 alias
705 1729 742 1764 in
772 1729 1107 1774 explicationibus
1134 1729 1414 1763 adnotaverat:
1449 1737 1498 1763 ex

156 1792 234 1827 qua
262 1782 439 1817 editione
475 1792 556 1817 non
592 1783 715 1818 modo
751 1792 818 1817 eas
845 1782 1128 1817 adnotationes
1156 1781 1326 1820 adscivi,
1354 1781 1500 1826 quibus

157 1839 263 1871 certa
288 1835 518 1871 testimonia
544 1835 716 1876 inerant,
749 1836 821 1870 sed
855 1836 975 1870 etiarn
1002 1835 1127 1880 ipsius
1154 1837 1365 1870 contextus
1391 1834 1501 1870 lecti-

157 1898 256 1924 ones
282 1888 391 1923 haud
416 1898 578 1933 paucas,
607 1898 710 1934 quae
739 1889 929 1933 quoniam
957 1889 997 1924 in
1023 1888 1220 1934 prioribus
1254 1888 1499 1923 editionibus

158 1951 238 1977 non
253 1941 443 1977 inventae
458 1944 550 1976 sunt
570 1951 703 1987 neque
725 1942 981 1977 coniecturae
1003 1941 1166 1977 editoris
1189 1942 1395 1981 debentur,
1416 1950 1497 1977 non

158 1997 372 2040 potuerunt
398 2004 479 2030 non
500 2005 549 2030 ex
571 1996 712 2031 codice
732 1995 831 2040 peti:
859 1995 931 2030 has
958 1996 1077 2041 igitur
1103 1995 1153 2030 ad
1175 1994 1499 2039 apographorum

157 2047 387 2083 testimonia
407 2048 683 2083 confirmanda
703 2048 868 2084 addidi.⁷
904 2048 1013 2083 Haec
1035 2047 1153 2092 igitur
1173 2047 1294 2082 Keil:
1324 2056 1373 2082 ex
1389 2046 1501 2082 cuius

159 2104 363 2145 apparatu,
400 2111 519 2146 quern
556 2101 595 2136 in
630 2101 831 2146 plerisque
864 2102 982 2136 rebus
1015 2101 1111 2136 mihi
1139 2110 1209 2145 pro
1237 2100 1500 2135 fundamento

158 2154 280 2189 fuisse
307 2164 455 2190 moneo
482 2154 548 2195 ita,
571 2158 611 2189 ut
632 2155 699 2190 ubi
719 2155 805 2190 fieri
825 2157 962 2200 posset
982 2154 1111 2199 ipsam
1133 2152 1403 2189 adnotationis
1424 2153 1499 2192 for-

160 2217 266 2242 mam
299 2217 380 2243 non
414 2210 605 2243 mutatam
634 2208 884 2249 exhiberem,
919 2208 958 2243 in
986 2208 1108 2243 libro
1137 2206 1384 2242 Marciano
1412 2215 1500 2241 sae-

161 2260 248 2305 pius
286 2261 487 2305 duplicem
526 2261 648 2296 fuisse
684 2264 946 2306 propagatam
983 2261 1215 2305 scripturam
1255 2259 1502 2304 perspicitur,
