1575 2470
478 63 538 98 De
566 62 649 107 agri
678 62 830 97 cultura
858 70 889 95 c.
914 59 1003 94 1-3
1366 65 1411 102 11

62 177 174 212 foras
202 175 359 216 efferri,
387 173 637 210 stercilinum
667 172 773 213 fieri,
801 181 939 207 semen
970 171 1149 215 purgari,
1178 170 1294 205 funes
1325 180 1410 204 sar-

63 229 149 271 ciri,
184 237 309 264 novos
345 227 456 267 fieri;
494 227 697 267 centones,
732 225 960 261 cuculiones
998 219 1255 270 familia<m>
1289 232 1410 267 opor-

60 282 185 318 tuisse
211 281 288 317 sibi
315 281 478 316 sarcire.
515 289 586 324 per
613 279 738 315 ferias
768 279 950 323 potuisse
976 277 1110 313 fossas
1137 279 1297 312 veteres
1326 278 1406 311 ter·
1443 271 1467 305 4

60 335 157 381 geri,
183 335 291 370 viam
324 334 528 380 publicam
562 333 718 374 muniri,
746 342 891 377 vepres
924 331 1059 372 recidi,
1094 331 1254 366 hortum
1287 330 1419 373 fodiri,

56 388 217 432 pratum
241 386 421 431 purgari,
444 386 581 430 virgas
605 385 760 426 vinciri,
783 385 923 429 spinas
950 384 1121 424 runcari,
1143 383 1305 428 expinsi
1327 383 1404 423 far,
1455 386 1472 412 5

61 440 280 476 munditias
307 439 414 475 fieri.
451 449 539 475 cum
569 439 676 474 servi
704 438 968 482 aegrotarint‚
998 437 1149 473 cibaria
1178 438 1292 472 tanta
1320 436 1408 472 dari

61 502 139 530 non
159 493 402 538 oportuisse.
423 492 491 527 ubi
513 486 616 538 (ea)
635 491 800 536 cognita
821 500 950 535 aequo
969 491 1103 526 animo
1124 490 1216 532 sint,
1237 487 1408 534 qua[u]e
1439 487 1464 521 5

60 547 213 592 reliqua
239 557 363 592 opera
395 547 473 582 sint
505 555 642 582 curare
674 546 731 581 uti
764 545 1036 590 perficiantur:
1071 544 1247 580 rationes
1274 546 1414 589 putare

59 599 349 643 argentariam,
367 598 689 639 frumentariam,
710 597 849 642 pabuli
869 607 990 633 causa
1009 606 1111 641 quae
1134 599 1279 641 parata
1297 597 1408 635 sunt;

58 653 258 689 rationem
285 652 496 693 vinariam,
523 651 730 692 oleariam,
760 651 855 695 quid
882 651 1066 691 venierit,
1096 650 1191 694 quid
1218 652 1405 685 exactum
1435 654 1468 680 10

56 706 147 747 siet,
171 705 267 749 quid
292 704 490 749 reliquum
516 705 605 745 siet,
630 705 724 748 quid
752 705 829 740 siet
854 704 960 748 quod
985 705 1148 739 veneat:
1176 713 1277 747 quae
1304 704 1404 738 satis

60 758 301 803 accipiunda
335 758 429 800 sint,
464 759 564 793 satis
601 758 870 802 accipiantur:
907 757 1061 801 reliqua
1100 767 1200 800 quae
1237 757 1317 792 sint
1351 757 1408 791 uti
1441 754 1464 788 6

58 812 319 856 conpareant.
375 811 509 855 siquid
547 811 655 847 desit
703 812 742 846 in
779 821 938 852 annum,
988 811 1046 845 uti
1082 812 1266 854 paretur:
1304 819 1406 854 quae

63 864 282 909 supersint,
300 865 346 900 ut
364 865 554 900 veneant:
577 873 678 909 quae
699 874 801 909 opus
825 865 905 900 sint
923 863 1068 905 locato,
1087 863 1288 899 locentur:
1310 872 1412 907 quae

60 927 186 962 opera
217 917 313 953 fieri
345 917 445 953 velit
475 919 519 953 et
550 927 651 961 quae
686 917 812 953 locari
843 917 954 959 velit,
985 918 1044 953 uti
1077 917 1253 961 imperet
1286 918 1328 952 et
1359 926 1407 952 ea
1436 921 1467 947 ¹5

59 971 212 1015 scripta
241 970 453 1015 relinquat.
491 980 613 1015 pecus
643 971 884 1006 consideret.
922 971 1149 1006 auctionem
1179 971 1238 1005 uti
1264 970 1407 1005 faciat:
1442 966 1465 1001 7

64 1023 216 1060 vendat
239 1023 385 1065 oleum,
411 1024 446 1059 si
473 1024 647 1068 pretium
674 1023 832 1065 habeat,
859 1024 1008 1065 vinum,
1032 1024 1281 1059 frumentum
1307 1023 1413 1067 quod

53 1077 233 1121 supersit
251 1076 418 1112 vendat:
440 1076 564 1113 boves
584 1077 755 1118 vetulos,
776 1079 958 1112 armenta
981 1076 1167 1117 delicula,
1184 1086 1282 1112 oves
1303 1076 1404 1112 deli—

54 1129 177 1172 culas,
209 1129 357 1171 lanam,
392 1129 532 1175 pelles,
569 1130 767 1175 plostrum
802 1132 931 1172 vetus,
968 1130 1217 1166 ferramenta
1251 1131 1404 1170 vetera,

62 1192 222 1218 servum
246 1192 396 1224 senem,
421 1193 582 1219 servum
605 1183 850 1225 morbosum,
873 1185 915 1219 et
940 1184 1074 1228 siquid
1097 1183 1198 1219 aliut
1220 1184 1411 1228 supersit,
1434 1187 1472 1214 20·

57 1235 219 1272 vendat.
265 1237 423 1280 patrem
461 1236 639 1272 familias
678 1237 912 1278 vendacem,
961 1247 1039 1273 non
1090 1247 1271 1273 emacem
1315 1247 1405 1272 esse

61 1289 240 1333 oportet.

124 1341 257 1378 Prima
293 1342 568 1379 adulescentia
606 1345 764 1387 patrem
801 1343 982 1379 familiae
1018 1354 1160 1388 agrum
1197 1339 1485 1385 consererellll

61 1394 226 1431 studere
248 1396 422 1440 oportet.
454 1396 676 1432 aedificare
701 1396 768 1431 diu
792 1398 973 1441 cogitare
997 1398 1174 1441 oportet,
1195 1406 1411 1432 conserere

58 1449 240 1495 cogitare
259 1459 342 1486 non
362 1453 530 1496 oportet,
558 1451 631 1486 sed
656 1451 788 1487 facere
810 1453 977 1496 oportet.
1011 1451 1079 1486 ubi
1106 1453 1218 1486 aetas
1245 1451 1416 1486 accessit
1435 1455 1471 1481 25

61 1503 114 1538 ad
140 1512 268 1539 annos
287 1510 437 1545 XXXVI,
457 1505 542 1539 tum
563 1504 778 1540 aedificare
799 1506 967 1550 oportet,
988 1505 1021 1540 si
1048 1515 1188 1550 agrum
1217 1504 1415 1541 consitum

60 1555 224 1591 habeas.
269 1556 323 1592 ita
349 1557 553 1599 aedifices,
582 1567 634 1593 ne
660 1558 756 1593 villa
782 1558 951 1593 fundum
979 1560 1145 1603 quaerat
1171 1557 1304 1603 <neve
1331 1558 1416 1593 fun-

60 1608 135 1644 dus
161 1607 340 1654 villam).
390 1611 543 1655 patrem
576 1610 753 1651 familiae
779 1611 917 1647 villam
950 1612 1140 1647 rusticam
1173 1612 1279 1647 bene
1306 1612 1415 1647 aedi-
1442 1607 1464 1641 2

57 1661 219 1698 ficatam
250 1662 402 1699 habere
436 1664 616 1709 expedit,
644 1665 788 1700 cellam
825 1665 1037 1707 oleariam,
1064 1665 1280 1707 vinariam,
1309 1665 1417 1701 dolia

59 1715 193 1757 multa,
227 1715 283 1751 uti
316 1716 454 1752 lubeat
486 1717 691 1753 caritatem
725 1720 957 1763 expectare:
992 1721 1031 1754 et
1062 1718 1119 1754 rei
1150 1720 1189 1754 et
1215 1718 1347 1753 virtuti
1375 1721 1413 1753 et
1432 1721 1470 1748 30

108 1831 124 1862 1
153 1832 376 1865 stercilinum
408 1833 495 1866 Vict.
523 1835 560 1865 z'n
587 1835 904 1874 explicationibus
924 1837 961 1866 et
980 1836 1208 1875 apoyrapha
1232 1835 1414 1866 nonnulla

59 1875 313 1915 (stercilinium
333 1880 412 1912 Pol.
434 1880 498 1912 Ab
525 1882 792 1921 sterquilinium
820 1880 859 1921 v)
880 1879 891 1921 ΙΙ
910 1882 930 1913 2
958 1884 1047 1914 add.
1068 1892 1090 1913 v
1111 1879 1121 1922 ΙΙ
1141 1883 1162 1914 3
1191 1882 1245 1922 Cf.
1274 1881 1415 1914 Colum.

57 1930 88 1963 2,
108 1929 160 1965 21,
180 1929 201 1958 3
243 1923 254 1966 ΙΙ
298 1926 318 1958 5
344 1927 397 1959 far
427 1927 514 1961 vict.
535 1930 573 1960 et
604 1931 820 1961 coniectura
848 1930 927 1962 Pol.
954 1930 1006 1961 lar
1048 1927 1059 1969 ΙΙ
1103 1930 1122 1961 7
1150 1938 1195 1961 ea
1221 1931 1309 1962 add.
1335 1930 1417 1962 Keil

59 1970 122 2013 (cf.
143 1976 193 2012 10,
213 1971 270 2013 26)
296 1974 389 2006 haec
420 1975 495 2009 luc.
541 1974 546 2014 1
593 1985 715 2015 quaue
748 1974 910 2016 (quaeue
938 1985 957 2008 c
985 1986 1056 2016 que
1082 1975 1122 2017 b)
1155 1977 1296 2016 reliqua
1321 1977 1416 2009 Abc

60 2029 156 2058 quae
181 2021 214 2053 V
240 2030 361 2060 queue
387 2022 442 2054 mi
470 2020 481 2063 ΙΙ
515 2023 558 2055 10
585 2024 748 2055 oliariam
780 2021 791 2064 ΙΙ
826 2024 868 2056 14
895 2025 945 2056 uti
971 2024 1052 2056 Keil
1083 2022 1094 2064 Η
1116 2024 1158 2056 15
1185 2025 1235 2056 uti
1262 2025 1417 2064 imperet

61 2076 193 2108 apoyr.
220 2070 257 2100 et
285 2069 372 2101 Vict.
399 2072 438 2101 ut
462 2071 617 2109 imperet
636 2071 715 2103 Pol.
737 2070 748 2111 ΙΙ
769 2071 812 2103 16
838 2071 878 2104 R.
899 2071 945 2103 111
972 2071 1191 2104 Auctionem
1218 2073 1270 2103 uti
1296 2072 1416 2104 faciat.

60 2114 281 2148 Auctionem
313 2113 324 2156 ΙΙ
355 2117 401 2148 20
429 2116 482 2157 Cf.
503 2118 602 2150 Plut.
625 2118 708 2151 Cat.
735 2128 763 2151 c.
784 2123 803 2150 4
834 2117 845 2158 ΙΙ
877 2119 919 2151 21
944 2118 998 2159 Cf.
1019 2119 1115 2151 Plin.
1138 2123 1187 2158 18,
1206 2122 1269 2158 30,·
1293 2119 1415 2151 Diom.

58 2171 96 2201 p.
115 2165 188 2201 368,
206 2167 250 2195 26·
267 2161 278 2203 ΙΙ
297 2163 342 2196 23
369 2163 409 2196 R.
429 2164 493 2196 1111
517 2164 636 2197 Prima
656 2166 909 2199 adolescentia
934 2175 1059 2206 agrum
1087 2175 1281 2199 conserere
1307 2175 1415 2206 opor-

60 2211 112 2240 tet
133 2207 138 2248 Ι
162 2209 216 2250 Cf.
236 2211 332 2244 Ptin.
353 2215 403 2250 18,
423 2215 486 2250 31,·
512 2211 653 2245 Colum.
674 2217 703 2252 1,
724 2218 754 2252 4,
774 2217 795 2245 8
823 2211 834 2253 ΙΙ
863 2213 919 2245 27.
939 2213 985 2244 28
1010 2222 1105 2246 neve
1132 2214 1267 2246 fundus
1292 2215 1414 2245 villam

62 2257 151 2289 add.
176 2257 249 2290 luc.
276 2259 432 2291 ducibus
467 2259 673 2292 Columella
701 2265 729 2299 l,
750 2265 780 2299 4,
800 2264 821 2293 8
853 2263 890 2293 et
914 2261 1010 2293 Plin.
1032 2265 1080 2299 18,
1094 2265 1156 2299 32‚·
1188 2262 1233 2301 cf.
1257 2263 1378 2301 praef.

62 2303 150 2335 R.V
175 2304 307 2336 Villam
336 2307 504 2338 rusticam
532 2308 582 2338 uti
610 2308 839 2340 aedificatam
864 2309 1008 2340 habeat.
1034 2304 1176 2341 Patrem
