1618 2470
140 81 196 122 63
735 76 897 112 Catonis

142 193 301 225 moneo,
333 184 431 219 nihil
464 184 628 219 istorum
663 194 735 219 usu
763 183 900 219 veniet
933 184 1092 219 morbis.
1143 194 1282 220 verum
1309 185 1493 220 morbum

140 237 409 273 articularium
435 237 545 272 nulla
571 246 633 272 res
660 240 741 272 tam
768 239 922 282 purgat,
950 247 1069 281 quam
1098 237 1273 273 brassica
1300 238 1432 279 cruda,
1459 238 1492 273 si

141 291 238 326 edes
272 291 475 326 concisam
510 293 547 325 et
579 293 707 325 rutam
741 294 779 325 et
811 290 1064 325 coriandrum
1101 291 1304 326 concisam
1343 292 1492 327 siccam

141 347 179 379 et
205 343 407 389 sirpicium
440 343 616 378 inrasum
650 346 688 378 et
723 342 998 387 brassica<m>
1027 353 1076 379 ex
1109 347 1224 380 aceto
1251 344 1427 389 oxymeli
1454 347 1493 379 et

91 396 114 430 8
140 398 224 433 sale
251 395 501 442 sparsa<m>.
529 396 631 432 haec
657 397 689 432 si
718 397 850 437 uteris,
878 397 1008 432 omnis
1036 397 1223 432 articulos
1249 397 1398 442 poteris
1425 406 1493 432 exr

102 457 120 483 6
139 450 268 496 periri.
295 450 427 485 nullus
454 453 637 495 sumptus
665 452 735 490 est,
763 452 801 485 et
822 450 854 485 si
875 454 1057 494 sumptus
1079 454 1196 491 esset,
1222 453 1357 486 tamen
1384 450 1492 485 vale-

138 504 287 539 tudinis
316 513 437 539 causa
465 503 680 548 experirus.
719 503 824 539 hanc
851 507 1008 548 oportet
1035 513 1154 539 mane
1183 503 1362 539 ieiunum
1390 513 1491 539 esse.

141 556 393 593 -insbomnis
427 557 491 592 vel
524 556 649 601 siquis
683 560 743 592 est
775 557 977 597 seniosus,
1006 557 1081 592 hac
1115 557 1259 592 eadem
1286 557 1493 593 curatione

140 621 282 646 sanum
309 611 443 646 facies.
495 619 635 645 verum
663 620 795 645 assam
823 610 1041 646 brassicam
1070 613 1108 645 et
1134 612 1295 645 unctam
1323 610 1491 650 caldam,

86 669 119 696 ιο
138 664 232 699 salis
259 664 424 708 paulum
452 664 545 699 dato
573 663 727 698 homini
761 663 908 699 ieiuno.
960 674 1080 709 quam
1114 664 1328 709 plurimum
1355 663 1491 702 ederit,

89 715 112 750 9
137 721 218 753 tam
246 717 437 753 citissime
464 726 586 752 sanus
612 712 685 752 fiet
708 727 756 752 ex
779 727 828 753 eo
849 718 1001 753 morbo.
1045 717 1216 753 tormina
1237 716 1382 762 quibus
1406 726 1491 752 mo-

137 772 237 807 lesta
264 773 388 811 erunt,
415 770 471 805 sic
497 770 628 805 tacito.
668 771 886 806 brassicam
914 774 1117 806 macerato
1139 771 1255 812 bene,
1282 773 1425 816 postea
1451 771 1491 805 in

137 824 270 859 aulam
293 824 449 863 coicito,
471 823 755 859 defervefacito
770 824 888 859 bene.
915 824 983 859 ubi
999 827 1112 860 cocta
1127 824 1199 859 erit
1212 824 1328 865 bene,
1344 834 1490 869 aquam

138 877 357 913 defundito.
398 886 446 913 eo
475 876 612 912 addito
641 877 776 912 oleum
803 878 909 913 bene
939 881 978 913 et
1004 877 1098 913 salis
1124 877 1331 922 paululum
1360 880 1399 913 et
1425 886 1490 913 cu-

84 936 118 963 15
137 931 289 966 minum
318 932 357 965 et
382 930 575 975 pollinem
602 931 804 975 polentae.
831 934 973 976 postea
997 931 1108 966 ferve
1128 931 1234 966 bene
1253 930 1382 966 facito.
1422 931 1490 965 ubi

135 979 305 1025 ferverit,
333 984 372 1018 in
400 984 574 1019 catinum
603 984 740 1019 indito.
781 985 874 1020 dato
901 984 992 1025 edit,
1014 985 1046 1020 si
1073 984 1228 1030 poterit,
1255 984 1341 1019 sine
1367 994 1491 1029 pane;

137 1038 167 1072 si
207 1047 306 1078 non,
346 1038 440 1073 dato
480 1036 684 1082 pane<m2
713 1048 856 1082 purum
895 1038 1046 1073 ibidem
1086 1037 1336 1073 madefaciat.
1388 1040 1426 1072 et
1458 1038 1489 1072 si

136 1091 276 1126 febrim
309 1100 391 1126 non
424 1090 604 1131 habebit,
639 1091 732 1126 dato
766 1091 903 1126 vinum
938 1094 1065 1126 atrum
1103 1091 1228 1126 bibat:
1263 1090 1341 1126 cito
1368 1100 1490 1126 sanus

66 1142 110 1176 10
135 1145 214 1179 fiet.
267 1147 305 1179 et
337 1144 414 1179 hoc
447 1144 645 1188 siquando
680 1154 775 1180 usus
807 1144 978 1185 venerit,
1008 1145 1074 1189 qui
1109 1144 1253 1180 debilis
1280 1144 1362 1185 erit,
1390 1144 1490 1179 haec

81 1202 117 1229 20
137 1207 198 1233 res
225 1207 368 1233 sanum
394 1197 525 1232 facere
552 1200 701 1242 potest:
730 1198 947 1233 brassicam
976 1198 1058 1233 edit
1085 1198 1138 1232 ita
1165 1197 1220 1232 uti
1248 1196 1284 1233 S.
1307 1196 1343 1233 S.
1366 1197 1406 1232 E.
1452 1201 1491 1231 et

136 1251 213 1287 hoc
234 1250 406 1295 amplius
438 1250 578 1285 lotium
606 1254 845 1287 conservato
873 1251 959 1286 eius
981 1251 1048 1296 qui
1069 1251 1286 1286 brassicam
1309 1250 1489 1290 essitarit,

137 1303 175 1339 id
203 1304 397 1345 calfacito‚
425 1313 473 1339 eo
501 1304 707 1339 hominem
742 1304 957 1345 demittito‚
985 1304 1063 1339 cito
1097 1314 1239 1339 sanum
1265 1303 1388 1339 iacies
1414 1303 1489 1338 hac

136 1368 245 1393 cura:
274 1360 482 1402 expertum
509 1357 587 1393 hoc
621 1360 690 1393 est.
743 1357 838 1393 item
866 1367 1012 1402 pueros
1048 1357 1215 1402 pusillos
1242 1357 1275 1392 si
1301 1357 1413 1392 laves
1440 1366 1489 1392 eo

136 1411 244 1451 lotio,
271 1420 492 1455 numquam
521 1411 675 1446 debiles
702 1411 809 1446 fient.
856 1415 894 1446 et
921 1411 1066 1456 quibus
1093 1410 1199 1446 oculi
1228 1420 1368 1455 parum
1396 1409 1488 1445 clari

81 1468 116 1494 ὅ
135 1467 243 1504 sunt,
272 1473 320 1499 eo
347 1463 445 1499 lotio
473 1464 703 1509 inunguito,
731 1464 820 1508 plus
846 1464 1052 1499 videbunt.
1105 1464 1136 1498 si
1170 1466 1289 1508 caput
1314 1466 1381 1498 aut
1407 1472 1488 1498 cer-

66 1514 105 1548 11
135 1518 246 1553 vices
280 1517 434 1557 dolent,
463 1526 512 1552 eo
540 1517 636 1552 lotio
665 1517 781 1553 caldo
811 1517 951 1558 lavito‚
980 1517 1166 1552 desinent
1193 1516 1340 1552 dolere.
1392 1518 1430 1551 et
1456 1517 1487 1551 si

136 1571 277 1605 mulier
305 1580 353 1605 eo
381 1570 478 1605 lotio
505 1570 617 1605 locos
643 1570 812 1611 fovebit,
840 1580 1060 1615 numquam
1086 1568 1115 1613 ’ζ-
1142 1569 1288 1604 umseri
1314 1569 1422 1610 fient,
1451 1574 1487 1604 et

135 1624 272 1659 fovere
305 1623 361 1658 sic
395 1626 567 1668 oportet:
602 1624 669 1658 ubi
702 1624 741 1658 in
775 1627 905 1659 scutra
937 1623 1207 1663 ferveieceris‚
1241 1623 1314 1657 sub
1347 1622 1487 1658 sellam

136 1677 352 1722 supponito
391 1680 604 1722 pertusam.
657 1686 705 1712 eo
745 1677 887 1712 mulier
925 1676 1098 1716 adsidat,
1135 1676 1300 1720 operito,
1341 1676 1486 1711 circum

75 1733 116 1760 30
136 1730 376 1766 vestimenta
404 1740 493 1765 eam
521 1730 626 1765 dato.

185 1848 199 1878 1
229 1848 365 1878 morbis
392 1848 461 1878 del.
487 1847 569 1878 Keil
588 1844 600 1885 Η
619 1847 639 1879 3
667 1847 894 1878 coriandrum
922 1856 1001 1878 cum
1031 1848 1178 1886 aliquot
1203 1846 1438 1886 apoyraplzis
1465 1855 1487 1875 v

136 1894 364 1926 coriendrum
387 1892 392 1933 Ι
416 1895 601 1926 concisam
630 1895 764 1926 siccam
792 1903 871 1925 cnm
895 1895 914 1933 f
937 1896 1087 1925 tutatur
1111 1893 1254 1925 Hauler
1269 1903 1307 1933 p.
1321 1897 1371 1924 27.
1399 1901 1485 1924 con-

135 1942 246 1973 cisam
274 1943 418 1973 sictam:
447 1942 510 1973 ubi
535 1946 744 1973 consectam
768 1941 848 1973 Keil
872 1939 883 1979 Η
909 1942 930 1972 4
958 1941 1181 1979 laserpitium
1205 1941 1276 1972 lue.
1300 1938 1304 1979 Ι
1328 1942 1485 1971 inrasum

134 1989 205 2020 luc.
232 1989 388 2020 inrasam
427 1986 437 2027 Η
475 1989 507 2020 4.
530 1989 549 2020 5
577 1990 664 2020 add.
691 1989 771 2020 Keil
807 1986 818 2027 Η
857 1989 877 2019 5
904 1990 935 2020 si
961 1989 1071 2020 uteris
1098 1988 1203 2020 me
1232 1989 1284 2020 sic
1310 1988 1418 2019 uteris
1452 1987 1486 2018 ci

135 2037 187 2067 sic
210 2039 331 2067 uterus
352 2036 383 2067 A
405 2033 415 2074 Η
437 2036 456 2067 7
477 2037 662 2074 experitus
683 2045 757 2067 non
779 2038 932 2074 mutavi,
962 2036 1033 2067 etsi
1053 2044 1111 2067 res
1132 2036 1247 2067 dubia
1275 2037 1340 2067 est.
1374 2042 1485 2073 expe-

134 2084 220 2115 rires
245 2083 324 2114 Keil
339 2080 359 2120 ²,
387 2084 552 2122 experire
578 2079 703 2121 Keil¹;
730 2084 774 2122 cf.
799 2084 920 2123 praef.
964 2080 976 2122 Η
1020 2082 1040 2113 8
1068 2084 1156 2114 add.
1183 2083 1262 2114 Keil
1302 2079 1307 2121 Ι
1346 2083 1376 2113 si
1404 2083 1487 2120 quis

134 2134 189 2162 est
214 2131 272 2162 vel
298 2130 378 2162 Keil
396 2128 407 2170 Η
442 2130 480 2161 11
512 2129 566 2170 Cf.
593 2140 621 2162 c.
644 2134 748 2168 156,5
779 2127 789 2168 Η
824 2130 866 2162 14
894 2130 1080 2169 paululum
1112 2127 1274 2169 (paulurn
1301 2129 1333 2160 V
1359 2128 1484 2167 paulu-

134 2178 206 2209 lum
233 2186 366 2216 apoyr.
394 2180 431 2209 et
460 2177 561 2216 Vict.)
582 2175 593 2216 Η
615 2177 657 2209 17
685 2178 772 2209 add.
800 2177 845 2209 vs
869 2175 881 2216 Η
909 2176 952 2209 18
979 2181 1093 2208 atrum
1120 2187 1144 2208 v
1170 2185 1290 2209 acrum
1316 2174 1327 2214 Η
1356 2175 1397 2207 19
1423 2176 1487 2207 fiet

135 2223 220 2262 (siet
244 2224 278 2256 V
303 2224 367 2256 fiet
393 2223 540 2265 apoyr.)
585 2222 595 2263 ΙΙ
639 2225 684 2256 22
711 2224 824 2257 iacies
850 2225 923 2256 luc.
950 2224 1061 2256 faciet
1104 2223 1115 2262 Η
1159 2224 1203 2256 23
1229 2224 1325 2255 idem
1353 2232 1484 2263 apoyr.

134 2274 218 2304 item
245 2271 278 2303 V
309 2270 319 2309 ΙΙ
351 2272 397 2303 26
425 2272 548 2304 dolere
574 2281 607 2303 m
634 2281 714 2304 cum
743 2272 825 2303 bcv
853 2272 979 2303 dolore
1011 2269 1022 2310 Η
1054 2271 1098 2302 27
1128 2271 1247 2303 miseri
1274 2280 1318 2305 m.
1344 2270 1487 2302 Hauler

131 2329 169 2359 ρ.
184 2323 226 2350 27
243 2315 254 2357 Η
274 2318 319 2350 29
346 2328 391 2351 eo
418 2329 549 2359 apogr.
577 2328 621 2350 ea
646 2319 678 2351 V
