1507 2462
190 83 215 121 4
783 77 944 114 Catonis

333 183 402 219 XX
430 184 617 220 Materies
645 184 740 229 quid
768 184 862 219 anni
888 184 1130 228 tempestiva
1156 185 1205 220 sit

315 237 401 272 XXI
428 237 700 273 Torcularium
728 237 759 272 si
787 237 1002 273 aedificare
1029 238 1142 273 voles

298 291 400 327 XXII
428 291 470 326 In
497 301 595 326 vasa
620 291 774 326 vinaria
800 290 955 335 stipites

281 344 402 380 XXIII
428 344 643 389 Trapetum
671 354 751 389 quo
779 344 901 379 modo
930 343 1160 379 concinnari
1188 348 1370 389 oporteat

155 405 172 431 5
263 397 401 434 XXIIII
431 396 584 442 Cupam
612 407 691 442 quo
720 397 843 433 modo
870 397 1063 433 aedifices

295 451 401 486 XXV
427 450 642 496 Trapetum
669 460 749 496 quo
777 451 899 486 modo
927 450 1118 486 aedifices

280 504 402 540 XXVI
429 504 492 540 Ad
519 504 769 539 vindemiam
797 513 901 548 quae
928 513 1030 548 opus
1058 507 1148 540 sunt
1176 508 1215 539 ut
1243 508 1433 549 parentur

261 557 402 593 XXVII
428 557 575 593 Vinum
604 557 802 593 Graecum
831 566 910 601 quo
939 557 1061 592 modo
1088 558 1156 592 fiat

244 611 401 646 XXVIII
428 611 516 646 Vva
543 613 657 646 cocta
684 614 725 646 ut
751 613 931 646 servetur

138 670 171 697 ιο
227 664 402 700 XXVIIII
428 664 643 700 Vindemia
668 665 771 700 facta
798 667 839 699 ut
865 673 962 699 vasa
990 664 1141 699 torcula
1168 665 1421 710 subligentur
1506 707 1507 710 Ἴ

295 717 401 754 ΧΧΧ
427 717 649 754 Sementim
677 721 717 753 ut
743 717 866 753 facias
1505 712 1507 746 I

280 771 402 807 XXXI
429 770 551 807 Oleas
567 774 605 807 et
618 771 771 816 reliqua
787 770 942 806 semina
958 780 1046 806 cum
1064 780 1184 814 seres,
1194 781 1273 816 quo
1290 773 1413 808 modo
1427 783 1489 809 ser
1504 784 1507 818 ι

262 824 403 860 XXXII
430 824 592 861 Stercus
619 827 661 860 ut
688 824 846 860 dividas

248 877 404 913 XXXIII
432 877 569 913 Bubus
596 878 779 913 frondem

140 936 172 963 15
234 930 407 966 XXXIIII
435 931 498 967 Ad
525 931 658 967 oleam
686 932 913 976 cogendam
942 941 1046 975 quae
1072 941 1188 976 pares

264 984 405 1020 XXXV
432 984 586 1020 Vineae
613 985 857 1029 arboresque
884 987 925 1019 ut
952 982 1162 1029 matur[a]e
1188 988 1375 1029 putentur

244 1037 404 1073 XXXVI
431 1037 559 1073 Vinea
586 1042 627 1072 ut
654 1041 811 1074 curetur

228 1090 403 1126 XXXVII
432 1090 623 1127 Salictum
652 1094 693 1126 ut
721 1101 794 1126 suo
821 1094 1003 1135 tempore
1031 1092 1221 1127 caedatur

211 1144 403 1179 XXXVIII
431 1144 491 1179 De
519 1144 688 1180 sementi
715 1144 900 1180 facienda

137 1201 172 1228 20
192 1196 402 1232 XXXVIIII
429 1197 489 1232 De
517 1207 613 1243 agro
640 1197 845 1233 rubricoso

335 1250 400 1286 XL
427 1250 488 1286 De
515 1251 606 1286 faba
634 1254 672 1286 et
699 1251 803 1286 vicia
830 1251 990 1296 siligine
1018 1251 1183 1291 hordeo,
1210 1251 1278 1286 ubi
1305 1255 1499 1289 serantur}

318 1303 400 1339 XLI
429 1303 543 1344 Quae
570 1306 753 1349 segetem
781 1306 1000 1340 stercorent

299 1357 397 1393 XLII
426 1356 540 1397 Quae
568 1357 673 1392 mala
699 1357 739 1393 in
766 1360 907 1403 segete
933 1358 1011 1393 sint

281 1410 397 1445 XLIII
424 1410 485 1446 De
511 1410 631 1445 vinea
659 1413 697 1446 et
724 1410 931 1446 arboribus
958 1411 1105 1455 putatis

138 1467 173 1494 25
264 1463 396 1499 XLIIII
424 1463 485 1498 De
511 1464 673 1499 fornace
701 1464 870 1499 calcaria

297 1517 398 1552 XLV
426 1517 466 1553 Si
493 1517 603 1562 ligna
631 1520 669 1552 et
695 1518 830 1563 virgas
857 1526 937 1553 non
965 1517 1113 1562 poteris
1140 1519 1318 1554 vendere

281 1570 399 1606 XLVI
427 1570 503 1606 Vbi
530 1574 792 1616 tempestates
819 1569 950 1606 malae
978 1573 1101 1611 erunt,
1130 1570 1225 1615 quid
1252 1571 1335 1607 fieri
1364 1573 1483 1617 possi⁷

263 1623 399 1659 XLVII
427 1624 501 1659 Per
527 1634 598 1659 ver
624 1633 729 1669 quae
754 1624 850 1659 fiant

246 1676 399 1713 XLVIII
426 1677 561 1712 Insitio
589 1677 680 1712 vitis
708 1680 747 1712 et
772 1677 939 1712 aliarum
966 1687 1095 1712 rerum

137 1732 174 1760 ³0
230 1729 399 1765 XLVIIII
428 1730 543 1766 Ficos
572 1733 610 1765 et
636 1730 748 1766 oleas
775 1730 854 1766 alio
881 1730 1004 1765 modo

372 1784 399 1819 L
426 1783 568 1820 Sulcos
596 1793 675 1829 quo
703 1784 825 1819 modo
852 1783 974 1819 facias

353 1837 398 1872 LI
424 1837 582 1873 Vitibus
609 1837 743 1873 sulcos
769 1837 1097 1882 propaginesque

336 1889 398 1925 LII
426 1889 528 1926 Olea
555 1900 634 1936 quo
661 1893 844 1935 tempore
870 1892 1029 1936 putetur

320 1943 398 1978 LIII
425 1943 485 1979 De
511 1943 627 1979 taleis
654 1943 879 1989 oleagineis

140 1998 175 2025 ³5
303 1996 398 2032 LIIII
426 1996 692 2032 Seminarium
721 2006 801 2042 quo
829 1997 951 2032 modo
977 1997 1045 2032 fiat

243 2118 258 2149 1
287 2120 332 2150 sit
358 2128 380 2149 v
407 2122 461 2150 est
481 2116 491 2158 Η
511 2119 532 2150 5
560 2118 698 2157 Cupam
720 2116 875 2158 (Cupam
902 2120 1032 2158 trapeti
1053 2120 1132 2151 Pol.
1154 2118 1282 2158 Cuppa
1307 2120 1436 2159 trapeti
1460 2128 1497 2159 η,

193 2165 213 2196 6
240 2164 432 2204 Trapetum
467 2166 654 2205 quomodo
687 2166 862 2198 aedifices
887 2165 920 2198 A
952 2168 989 2198 in
1023 2168 1208 2206 margine,
1241 2175 1261 2198 c
1287 2169 1324 2199 et
1352 2167 1438 2199 vict.
1463 2175 1497 2200 (ι.

193 2213 271 2245 Pol.
291 2210 301 2252 ΙΙ
322 2212 341 2243 7
369 2216 452 2244 sunt
478 2223 500 2244 v
527 2214 599 2245 sint
630 2212 640 2252 ΙΙ
675 2212 717 2244 18
749 2214 921 2245 caedatur
946 2211 1098 2252 (seratur
1123 2214 1203 2246 Pol.
1229 2214 1378 2246 cedatur
1402 2223 1496 2254 opor.

192 2260 363 2292 caedatur
394 2259 496 2299 Vict.)
529 2258 539 2299 ΙΙ
571 2260 613 2292 21
642 2261 798 2300 seligine
835 2258 846 2299 ΙΙ
876 2261 921 2292 25
949 2261 1101 2293 calcaria
1127 2270 1259 2301 apogr.
1285 2263 1323 2294 et
1351 2261 1436 2293 Vici.
1461 2269 1496 2294 ‹2-

192 2315 298 2338 carea
322 2307 354 2339 V
374 2305 384 2345 I!
404 2307 444 2340 31
475 2308 588 2339 iacias
614 2305 748 2345 (fodias
775 2308 853 2339 Pol.
881 2309 992 2339 facias
1019 2317 1151 2348 apoyr.
1177 2311 1215 2340 et
1243 2307 1346 2347 Vict.)
