1618 2470
160 71 215 110 58
755 66 917 102 Catonis

161 175 286 210 altero
324 174 485 219 piaculo
525 175 672 209 eodem
712 175 834 210 modo
872 174 1003 215 facito,
1043 175 1120 210 hoc
1159 176 1331 220 amplius
1371 176 1514 211 dicito:

162 228 311 273 ‘operis
330 227 507 263 faciundi
530 227 680 262 causa’.
715 228 811 262 dum
832 237 946 272 opus,
968 227 1116 263 cotidie
1136 238 1207 273 per
1227 232 1359 273 partes
1379 229 1512 264 facito.

159 283 191 317 si
231 280 491 316 intermiseris
530 283 597 315 aut
640 280 765 316 feriae
809 280 997 325 publicae
1035 284 1102 316 aut
1140 281 1354 317 familiares
1393 282 1511 317 inter-

160 333 363 373 cesserint,
391 334 516 369 altero
542 333 703 379 piaculo
730 334 861 369 facito.

89 386 217 433 CXLI]
297 387 451 432 Agrum
496 387 661 422 lustrare
706 387 763 422 sic
808 390 976 432 oportet.
1039 388 1191 433 impera
1236 389 1511 424 suovitaurilia

121 450 139 476 6
159 440 395 485 circumagi:
425 440 532 476 ‘cum
569 440 672 475 divis
708 440 939 476 volentibus
972 442 1164 487 quodque
1200 442 1305 478 bene
1338 442 1510 482 eveniat,

160 495 308 530 mando
340 494 430 535 tibi,
457 494 583 535 Mani,
611 494 666 528 uti
703 494 820 529 illace
858 495 1134 530 suovitaurilia
1168 496 1336 530 fundum
1369 505 1509 541 agrum

158 555 386 592 terramque
418 557 551 582 meam
585 550 707 592 quota
742 557 790 582 ex
824 550 935 592 parte
969 548 1055 584 sive
1082 549 1299 594 circumagi
1327 549 1413 584 sive
1440 549 1510 584 cir‘

109 601 133 636 2
160 601 420 637 cumferenda
447 610 626 641 censeas,
654 601 709 635 uti
738 610 851 636 cures
877 601 1073 637 lustrare’.
1125 601 1264 637 Ianum
1291 601 1513 647 Iovemque

106 662 140 689 10
158 655 255 691 vino
282 654 541 699 praefamino,
570 654 626 689 sic
654 654 793 689 dicito:
818 654 938 689 ‘Mars
964 658 1087 699 pater,
1108 658 1147 690 te
1174 664 1315 700 precor
1340 664 1511 700 quaeso-

159 718 238 754 que
265 708 320 743 uti
355 707 435 743 sies
461 708 605 743 volens
638 707 833 752 propitius
867 708 963 743 mihi
998 709 1121 744 domo
1154 709 1413 753 familiaeque
1440 717 1510 744 no-

159 765 275 803 strae,
297 761 441 806 quoius
462 761 518 796 rei
541 770 638 805 ergo
659 771 800 805 agrum
821 764 965 796 terram
986 762 1236 806 fundumque
1257 771 1393 797 meum
1419 770 1510 796 suo-

159 815 358 850 vitaurilia
390 814 610 859 circumagi
644 815 752 855 iussi,
780 815 835 849 uti
862 817 902 849 tu
938 815 1101 851 morbos
1126 815 1237 850 visos
1263 815 1512 859 invisosque,

159 869 426 904 viduertatem
464 867 845 912 vastitudinemque‚
883 868 1132 903 calamitates
1170 867 1511 913 intemperiasque

106 929 140 955 15
159 921 406 967 prohibessis
434 921 629 956 defendas
656 930 999 965 averruncesque;
1031 921 1169 966 utique
1194 924 1235 956 tu
1261 921 1408 966 fruges,
1434 920 1511 955 fruae

160 977 312 1016 menta,
339 974 476 1009 vineta
502 974 758 1019 virgultaque
784 974 973 1018 grandire
1005 974 1193 1019 beneque
1223 974 1386 1009 evenire
1412 973 1511 1013 siris,

111 1028 134 1063 3
159 1030 340 1073 pastores
367 1036 579 1072 pecuaque
605 1026 717 1062 salva
743 1026 938 1062 servassis
966 1027 1138 1071 duisque
1163 1027 1312 1063 bonam
1339 1026 1510 1062 salutem

159 1081 519 1125 valetudinemque
545 1080 641 1115 mihi
669 1081 792 1116 domo
824 1080 1083 1125 familiaeque
1116 1082 1293 1116 nostrae:
1320 1080 1512 1115 harumce

160 1145 289 1171 rerum
324 1144 438 1179 ergo,
470 1134 582 1169 tundi
614 1136 743 1168 terrae
776 1133 944 1178 agrique
980 1133 1059 1169 mei
1093 1133 1286 1169 lustrandi
1318 1133 1511 1177 lustrique

106 1195 142 1222 20
160 1187 334 1224 faciendi
357 1196 465 1232 ergo,
487 1186 602 1222 sicuti
624 1186 717 1227 dixi,
732 1190 863 1222 macte
883 1187 995 1222 hisce
1015 1187 1342 1222 suovitaurilibus
1362 1186 1510 1222 lacten-

159 1242 266 1277 tibus
293 1240 536 1276 inmolandis
564 1243 667 1276 esto:
696 1240 800 1275 Mars
824 1243 946 1285 pater,
968 1240 1151 1276 eiusdem
1172 1240 1229 1275 rei
1256 1249 1353 1285 ergo
1380 1242 1513 1275 macte

112 1295 134 1329 4
160 1295 272 1330 hisce
313 1293 641 1329 suovitaurilibus
681 1293 922 1329 lactentibus
962 1293 1077 1329 esto’.
1127 1293 1223 1329 item
1263 1291 1365 1338 [esto
1400 1290 1510 1336 item]

161 1348 286 1384 cultro
318 1347 438 1383 facito
471 1350 619 1382 struem
654 1350 693 1383 et
724 1347 866 1383 fertum
899 1347 955 1382 uti
989 1347 1130 1387 adsiet‚
1158 1347 1253 1382 inde
1279 1346 1510 1382 obmoveto.

162 1402 229 1437 ubi
268 1410 433 1446 porcum
472 1401 704 1440 inmolabis‚
744 1410 895 1445 agnum
933 1400 1203 1445 vitulumque,
1243 1400 1299 1435 sic
1337 1401 1510 1444 oportet:

106 1462 141 1489 25
163 1455 348 1500 ‘eiusque
380 1454 435 1490 rei
470 1463 567 1499 ergo
601 1457 731 1489 macte
764 1453 1091 1490 suovitaurilibus
1124 1453 1368 1489 inmolandis
1395 1452 1509 1487 esto’.

161 1508 189 1546 ἦ·
216 1508 425 1544 nominare
460 1511 570 1542 vetat
605 1508 772 1543 Martem
808 1516 942 1552 neque
977 1517 1128 1552 agnum
1163 1506 1426 1550 vitulumque.
1477 1505 1509 1540 si

163 1562 295 1597 minus
326 1561 365 1596 in
399 1560 530 1596 omnis
563 1561 700 1601 litabit,
734 1561 790 1596 sic
822 1561 946 1596 verba
980 1559 1199 1604 concipito:
1235 1559 1354 1595 ‘Mars
1386 1561 1509 1604 pater,

162 1615 293 1660 siquid
331 1614 402 1649 tibi
442 1614 481 1649 in
520 1614 647 1649 illisce
685 1613 1012 1649 suovitaurilibus
1047 1611 1345 1657 l<act>entibus
1377 1621 1511 1657 neque

162 1668 407 1704 satisfactum
429 1670 499 1708 est,
513 1670 553 1703 te
573 1667 685 1702 hisce
705 1667 1032 1703 suovitaurilibus
1049 1665 1239 1711 piaculo’.
1267 1666 1298 1701 si
1316 1665 1412 1710 <jin>
1428 1675 1510 1700 uno

106 1729 143 1756 30
162 1722 375 1757 duobusve
403 1720 611 1761 dubitabit,
632 1721 689 1756 sic
715 1721 840 1756 verba
867 1720 1085 1764 concipito:
1110 1719 1229 1755 ‘Mars
1255 1722 1378 1764 pater,
1400 1719 1510 1763 quod

162 1775 233 1810 tibi
254 1775 346 1810 illoc
361 1783 485 1819 porco
505 1783 639 1818 neque
659 1773 907 1809 satisfactum
929 1777 998 1814 est,
1020 1776 1059 1808 te
1079 1773 1157 1808 hoc
1176 1782 1300 1818 porco
1320 1772 1509 1817 piaculo’.

92 1827 237 1873 CXLII]
288 1828 403 1863 Vilici
431 1827 563 1863 officia
595 1837 700 1872 quae
732 1830 841 1868 sunt,
874 1836 978 1872 quae
1005 1826 1193 1862 dominus
1219 1826 1434 1871 praecepit,
1462 1835 1510 1861 ea

211 1932 230 1962 5
258 1931 297 1964 R.
323 1931 378 1963 CL
404 1933 485 1963 loco
513 1933 769 1971 inscriptionis
795 1940 913 1963 vacuo
940 1932 1068 1963 relicto
1097 1928 1101 1969 Ι
1132 1932 1287 1968 imperas
1314 1930 1509 1961 uouitauri-

163 1980 210 2010 iia
253 1977 263 2018 ΙΙ
308 1979 327 2010 7
356 1980 453 2010 mani
479 1988 611 2018 apogr.
645 1979 744 2009 inani
771 1978 804 2010 V
844 1976 848 2017 Ι
889 1979 938 2010 uti
972 1979 1032 2009 illa
1058 1987 1098 2010 es
1124 1979 1213 2009 uoui
1245 1978 1385 2009 taurilia
1409 1979 1447 2008 et
1470 1977 1509 2008 in

163 2028 333 2066 margine
357 2027 406 2057 uti
431 2026 537 2058 illace
557 2026 807 2057 suouitaurilia
826 2026 905 2058 Pol.
925 2023 936 2065 ΙΙ
961 2025 982 2056 8
1003 2026 1198 2065 circumagi
1218 2020 1380 2065 <iubes>
1401 2023 1481 2055 Keil
1500 2021 1511 2063 ΙΙ

166 2073 209 2105 10
234 2075 323 2105 uino
349 2082 482 2113 apoyr.
506 2074 592 2105 uiuo
613 2073 645 2105 V
671 2070 681 2112 ΙΙ
709 2073 750 2105 13
777 2076 814 2104 tu
841 2074 987 2105 morbos
1006 2073 1078 2105 lue.
1105 2076 1178 2104 tum
1205 2073 1314 2104 orbos
1339 2069 1350 2110 ΙΙ
1378 2071 1420 2102 18
1446 2071 1509 2102 ha-

163 2130 273 2152 runce
299 2118 310 2160 ΙΙ
335 2121 379 2152 22
401 2122 471 2153 del.
485 2121 558 2153 luc.
620 2120 665 2152 26
691 2118 716 2157 Ἰ·
736 2121 824 2152 add.
844 2121 925 2152 Keil
950 2118 960 2160 ΙΙ
986 2120 1030 2151 28
1057 2120 1121 2151 tibi
1149 2121 1185 2150 in
1212 2116 1263 2158 (in
1284 2118 1401 2151 om.V
1421 2119 1510 2150 add.

163 2168 312 2208 apoyr.)
356 2168 490 2200 illisces
533 2168 810 2199 uouitaurilibus
853 2169 1012 2199 lentibus
1051 2166 1132 2205 (ubi
1169 2167 1386 2198 lactentibus
1425 2164 1464 2204 v)
1498 2185 1508 2203 Ι,

163 2215 208 2247 29
241 2217 329 2247 add.
358 2215 438 2247 Keil
481 2213 492 2254 ΙΙ
535 2215 581 2247 30
606 2215 787 2246 dubitabit
811 2215 891 2247 Keil
917 2215 1097 2247 dubitauit
1140 2213 1151 2253 ΙΙ
1194 2214 1235 2246 31
1265 2213 1348 2245 illoc
1373 2213 1509 2245 Meurs.

164 2264 248 2295 illuc
284 2259 296 2302 ΙΙ
333 2262 377 2295 32
404 2261 444 2294 R.
466 2261 537 2294 CLI
558 2262 664 2294 Vilici
691 2261 815 2294 officia
853 2259 859 2301 Ι
900 2262 954 2303 Cf.
981 2272 1010 2294 c.
1030 2267 1049 2293 5
1090 2260 1094 2300 Ι
1136 2262 1304 2293 dominus
1326 2261 1357 2292 A
1384 2269 1417 2291 m
1444 2260 1509 2291 do-

164 2310 262 2342 mino
286 2308 290 2349 Ι
314 2311 500 2348 praecepit
528 2311 583 2342 ed.
612 2309 829 2341 Commelini
855 2318 1031 2348 praeceps
