1618 2470
477 62 537 97 De
565 61 649 106 agri
678 61 829 96 cultura
857 70 888 95 c.
910 60 1051 95 26—33
1386 65 1441 103 27

91 172 146 208 ibi
173 180 272 207 oves
308 169 525 205 delectato:
564 170 602 203 et
637 167 820 203 frondem
853 176 982 212 usque
1018 167 1068 202 ad
1096 166 1244 211 pabula
1277 168 1441 202 matura.

90 225 282 271 pabulum
298 222 453 258 aridum
469 222 578 267 quod
591 220 820 257 condideris
832 220 872 255 in
885 219 1117 265 hieme<m>
1129 230 1250 265 quam
1266 219 1441 255 maxime

91 278 341 317 conservato,
369 275 629 320 cogitatoque
655 272 801 308 hiemis
829 283 950 318 quam
978 273 1102 318 longa
1128 272 1214 308 siet.

138 331 201 367 Ad
227 330 360 366 oleam
394 329 623 374 cogendam
656 335 761 371 quae
793 335 897 371 opus
925 329 1039 362 erunt
1066 328 1264 371 parentur.
1291 326 1348 361 vi-
1377 325 1515 371 [XXXI

92 385 199 420 mina
232 384 403 423 matura,
430 381 531 417 salix
564 390 634 426 per
665 382 825 425 tempus
857 380 1029 425 legatur,
1058 380 1113 415 uti
1146 380 1195 415 sit
1222 380 1331 416 unde
1358 389 1441 415 cor·
1480 388 1499 414 5

91 438 211 474 bulae
236 436 334 472 fiant
361 437 399 471 et
418 437 577 470 veteres
597 433 827 469 sarciantur.
866 433 1016 468 fibulae
1037 434 1145 468 unde
1171 433 1279 474 fiant,
1307 433 1444 468 aridae

91 490 278 535 iligneae,
310 487 482 528 ulmeae,
515 496 682 528 nuceae,
715 486 927 528 ficulneae,
959 487 1020 522 fac
1058 487 1097 522 in
1130 489 1281 522 stercus
1309 487 1442 522 autin

91 552 239 589 aquam
261 540 525 577 coniciantur:
547 540 653 581 inde,
668 540 736 575 ubi
758 550 861 585 opus
882 540 964 581 erit,
982 540 1126 576 fibulas
1147 540 1277 576 facito.
1304 543 1443 576 vectes

91 597 276 642 iligneos,
304 594 529 635 acruiolios‚
556 594 727 635 laureos,
756 594 913 629 ulmeos
945 594 1064 629 facito
1093 594 1148 629 uti
1175 594 1279 630 sient
1305 595 1441 639 parati.

91 650 245 696 prelum
268 657 317 683 ex
338 647 500 692 carpino
522 649 605 682 atra
625 646 879 692 potissimum
900 647 1030 683 facito.
1065 647 1253 689 ulmeam,
1268 647 1442 692 pineam,
1470 647 1492 682 2

91 711 275 743 nuceam,
302 701 405 735 hanc
431 702 553 745 atque
579 700 699 736 aliam
722 700 929 736 materiem
951 710 1116 736 omnem
1144 710 1236 736 cum
1263 701 1442 742 effodies,
1465 708 1498 734 η

93 757 188 791 luna
222 755 483 790 decrescente
517 754 682 790 eximito
715 756 807 800 post
839 753 1105 799 meridie<m>
1141 753 1286 799 sin<e>
1320 757 1443 790 vento

92 810 237 845 austro.
288 809 372 842 turn
406 807 478 842 erit
513 807 767 853 tempestiva,
796 817 887 843 cum
923 817 1063 843 semen
1099 818 1216 843 suum
1245 811 1443 843 maturum

93 863 174 904 erit,
203 863 428 905 cavetoque
455 870 525 905 per
559 859 763 906 [er]r0rem
796 861 930 897 trahas
957 864 1024 896 aut
1052 862 1178 897 doles.
1230 872 1334 907 quae
1361 872 1443 897 ma-

91 915 210 952 teries
236 923 377 950 semen
404 923 485 949 non
512 914 688 956 habebit,
710 924 801 950 cum
822 913 1076 960 glube<bit>,
1097 915 1338 960 tempestiva
1360 915 1441 950 erit.
1465 923 1499 949 15

93 970 214 1005 vento
241 969 375 1003 austro
403 969 546 1003 caveto
574 977 750 1013 nequam
772 968 980 1003 materiem
1001 978 1107 1004 neve
1132 968 1271 1004 vinum
1299 971 1443 1005 tractes

92 1022 168 1058 nisi
194 1020 435 1057 necessario.

140 1075 290 1110 Vineas
317 1075 562 1119 arboresque
583 1076 736 1110 mature
757 1075 844 1110 iace
866 1074 1034 1120 incipias
1050 1078 1201 1120 putare.
1229 1075 1331 1110 vites
1359 1074 1514 1120 [XXXII.

93 1137 294 1174 propages
333 1125 428 1172 <in>
464 1127 616 1164 sulcos:
653 1137 792 1163 susum
827 1137 1008 1169 vorsum,
1045 1129 1154 1173 quod
1191 1128 1277 1164 eius
1312 1129 1443 1164 facere

93 1181 253 1227 poteris,
279 1180 372 1216 vitis
398 1180 516 1216 facito
545 1180 600 1215 uti
628 1181 763 1216 ducas.
803 1181 966 1217 arbores
992 1181 1070 1217 hoc
1095 1182 1217 1218 modo
1246 1185 1442 1227 putentur,
1463 1190 1499 1217 20

93 1235 191 1270 rami
218 1234 274 1270 uti
301 1234 580 1275 divaricentur‚
607 1243 709 1279 quos
742 1234 955 1279 relinques,
984 1237 1022 1270 et
1054 1235 1109 1270 uti
1136 1238 1244 1270 recte
1271 1237 1442 1271 caedan-

94 1292 154 1324 tur
180 1289 219 1324 et
245 1297 296 1323 ne
316 1287 484 1323 nimium
506 1287 632 1323 crebri
652 1287 936 1332 relinquantur.
972 1288 1074 1323 vites
1095 1288 1201 1324 bene
1227 1289 1443 1324 nodentur:
1470 1290 1493 1324 2

94 1351 165 1387 per
191 1350 332 1377 omnes
359 1350 491 1376 ramos
513 1340 727 1386 diligenter
753 1343 897 1376 caveto
925 1350 976 1376 ne
996 1341 1119 1376 vitem
1140 1341 1380 1386 praecipites
1407 1344 1445 1377 et

94 1405 146 1431 ne
172 1394 341 1430 nimium
373 1393 654 1439 praestringas.
705 1393 868 1429 arbores
900 1394 1018 1430 facito
1053 1395 1109 1430 uti
1140 1395 1246 1430 bene
1280 1395 1445 1431 maritae

95 1449 172 1484 sint
204 1447 388 1492 vitesque
421 1447 476 1482 uti
509 1447 604 1482 satis
640 1446 790 1482 multae
826 1447 1061 1483 adserantur
1100 1449 1154 1488 et,
1181 1448 1309 1483 sicubi
1342 1457 1444 1494 opus
1464 1458 1499 1485 25

97 1501 178 1543 erit,
213 1502 264 1537 de
300 1501 441 1537 arbore
477 1500 709 1541 deiciantur,
742 1500 797 1535 uti
834 1500 873 1535 in
906 1503 1050 1536 terram
1086 1501 1370 1546 deprimantur,
1407 1506 1445 1537 et

95 1554 260 1590 biennio
287 1556 378 1599 post
403 1553 624 1599 praecidito
651 1556 819 1589 veteres.

141 1607 301 1643 Viniam
328 1607 385 1643 sic
411 1607 530 1643 facito
557 1607 613 1642 uti
641 1610 808 1643 curetur.
840 1607 964 1643 vitem
992 1609 1097 1643 bene
1124 1609 1315 1644 nodatam
1344 1607 1516 1654 [XXXIII

97 1661 274 1706 deligato
306 1662 430 1702 recte,
456 1660 639 1696 flexuosa
670 1660 727 1695 uti
754 1670 806 1696 ne
832 1661 897 1702 sit,
925 1671 1063 1696 susum
1096 1671 1260 1698 vorsum
1287 1666 1446 1708 semper

97 1714 244 1755 ducito,
271 1714 380 1759 quod
408 1713 494 1749 eius
514 1713 674 1758 poteris.
713 1713 889 1750 vinarios
911 1715 1182 1760 custodesque
1202 1718 1309 1751 recte
1330 1716 1445 1751 relin-
1466 1726 1500 1752 30

146 1877 167 1908 2
195 1877 283 1909 add.
311 1876 419 1909 Schn.
451 1874 462 1917 ΙΙ
499 1878 520 1910 3
547 1878 678 1910 hiemis
706 1887 838 1918 apoyr.
866 1879 983 1911 hiems
1009 1879 1040 1911 V
1061 1877 1112 1919 114
1143 1879 1182 1911 R.
1203 1879 1363 1911 XXXIIII
1389 1880 1446 1911 Ad

98 1924 218 1957 oleam
245 1925 450 1964 cogendam
479 1934 574 1964 quae
602 1934 719 1964 pares,
771 1926 889 1958 oleam
917 1927 1123 1966 cogendam
1151 1930 1187 1959 et
1212 1927 1445 1959 efficiendam

98 1973 220 2004 locato
240 1968 251 2011 Η
271 1971 291 2003 5
308 1970 362 2011 Cf.
384 1981 412 2004 c.
430 1975 482 2011 33,
496 1976 516 2004 5
535 1969 546 2012 ΙΙ
565 1972 586 2004 9
601 1972 798 2012 aquifolios
813 1983 835 2004 v
856 1984 936 2006 cum
953 1974 1048 2006 Ptin.
1064 1978 1112 2013 16,
1126 1977 1188 2006 230
1206 1972 1217 2013 ΙΙ
1240 1975 1282 2006 10
1296 1984 1341 2006 ex
1363 1983 1446 2013 sap-

99 2019 188 2058 pino
209 2022 284 2050 atra
303 2019 400 2051 Plin.
415 2022 464 2057 16,
481 2023 540 2051 193
559 2017 569 2059 ΙΙ
592 2020 631 2051 11
657 2019 710 2059 Cf.
732 2029 760 2052 e.
779 2024 926 2061 37,3sq.
947 2018 957 2060 ΙΙ
980 2021 1022 2053 12
1044 2025 1127 2060 post
1153 2022 1340 2054 meridiem
1367 2023 1447 2054 sine

98 2069 210 2098 vento
243 2075 287 2098 ex
312 2066 407 2098 Ρίἰη.
428 2070 477 2105 16,
494 2071 552 2099 193
572 2076 596 2098 ν
629 2064 690 2106 (ef.
710 2067 875 2101 Macrob.
896 2068 975 2101 Sat.
997 2072 1026 2108 6,
1041 2073 1070 2108 4,
1088 2067 1140 2109 16)
1168 2072 1252 2109 post
1279 2069 1447 2101 meridies

101 2114 139 2145 in
163 2116 277 2146 uento
298 2110 308 2153 ΙΙ
331 2113 373 2145 14
399 2114 470 2145 del.
496 2123 540 2146 ex
564 2115 658 2147 Ptin.
686 2123 709 2145 v
732 2113 736 2152 Ι
760 2117 928 2147 materies
955 2125 1087 2156 apogr.
1114 2126 1185 2149 om.
1205 2117 1237 2149 V
1256 2114 1268 2156 ΙΙ
1290 2116 1331 2148 15
1359 2118 1446 2149 add.

99 2160 179 2193 Keil
204 2157 347 2201 (glubet
372 2159 411 2200 v)
446 2157 450 2201 Ι
487 2161 541 2201 Cf.
562 2171 591 2194 c.
614 2166 661 2199 17,
682 2165 702 2192 2
733 2159 744 2202 ΙΙ
777 2162 819 2194 18
847 2163 884 2195 R.
906 2162 1037 2195 XXXV
1058 2163 1199 2197 Vineae
1226 2165 1447 2203 arboresque

99 2210 139 2239 ut
161 2210 324 2246 ,maturae
351 2210 521 2247 putentur
563 2206 574 2248 ΙΙ
620 2209 662 2240 19
689 2211 778 2242 add.
805 2210 877 2243 luc.
921 2208 931 2250 ΙΙ
975 2211 1021 2243 22
1049 2212 1145 2244 bene
1177 2212 1360 2244 nodentur
1385 2220 1448 2250 per

101 2263 230 2287 omnes
261 2264 399 2287 ramos:
433 2255 625 2295 diligenter
658 2260 798 2294 caveto,
826 2267 873 2290 ne
909 2267 988 2290 cum
1016 2258 1124 2291 Schn.
1150 2259 1292 2291 Hauler
1314 2269 1352 2299 p.
1372 2261 1413 2290 20
1436 2254 1448 2298 J}

101 2301 156 2334 28.
185 2301 225 2334 R.
246 2302 391 2334 XXXVI
417 2302 527 2334 Vinia
552 2306 591 2335 ut
616 2307 756 2336 curetur
776 2302 786 2344 ΙΙ
806 2304 851 2336 29
879 2314 1023 2337 uorsum
1051 2306 1082 2338 V
1109 2315 1252 2338 uersum
1280 2315 1411 2346 apoyr.
