1618 2470
143 31 197 69 28
736 24 898 60 Catonis

144 132 265 176 quito.
293 142 412 177 quam
435 131 669 166 altissimam
691 131 841 166 vIniam
862 132 981 167 facito
1003 132 1250 177 alligatoque
1264 134 1383 173 recte,
1399 132 1495 167 dum

144 194 195 220 ne
221 185 389 220 nimium
417 184 682 230 constringas.
720 185 797 220 hoc
825 185 948 221 modo
977 195 1065 220 eam
1095 188 1241 220 curato.
1281 185 1413 230 capita
1438 186 1495 220 vi-

96 238 116 272 2
143 238 242 273 tium
269 248 339 283 per
371 238 585 273 sementim
621 238 876 283 ablaqueato.
928 238 1088 273 vineam
1121 241 1301 283 putatam
1329 239 1494 274 circum-

143 291 279 331 fodito‚
302 300 413 326 arare
435 290 611 335 incipito,
631 291 732 326 ultro
755 291 934 336 citroque
955 292 1089 327 sulcos
1110 294 1326 337 perpetuos
1347 291 1494 327 ducito.

107 353 124 378 5
144 344 246 380 vites
272 347 431 379 teneras
459 354 579 388 quam
606 344 777 388 primum
804 347 1040 390 propagato,
1068 345 1124 380 sic
1151 348 1310 381 occato:
1337 348 1495 380 veteres

143 408 264 443 quam
292 397 503 432 minimum
531 399 713 439 castrato,
741 398 886 443 potius,
914 398 945 433 si
973 408 1075 443 opus
1104 398 1186 439 erit,
1209 398 1355 434 deicito
1382 398 1494 434 bien-

143 450 293 495 nioque
325 452 416 496 post
448 450 681 495 praecidito.
731 450 854 486 vitem
887 451 1091 486 novellam
1124 451 1284 487 resicari
1311 454 1395 486 tum
1423 451 1495 487 erit

92 503 117 539 3
143 507 313 549 tempus,
342 504 410 538 ubi
437 503 599 539 valebit.
637 504 669 538 si
691 503 811 539 vinea
832 514 855 539 a
875 504 956 540 vite
978 505 1092 540 calva
1113 505 1195 545 erit,
1217 504 1350 540 sulcos
1377 504 1494 539 inter-

143 557 282 601 ponito
310 557 446 602 ibique
473 556 746 592 viveradicem
775 557 908 599 serito,
935 558 1116 593 umbram
1139 558 1189 593 ab
1217 557 1338 592 sulcis
1364 567 1494 593 remo-

88 618 124 645 10
143 613 238 646 veto
272 611 494 655 crebroque
526 610 664 646 fodito.
715 610 754 645 in
781 610 901 645 vinea
934 615 1072 646 vetere
1104 611 1224 646 serito
1262 610 1434 651 ocinum,
1462 610 1494 645 si

143 672 276 699 macra
309 663 380 698 erit
413 664 539 708 (quod
571 673 741 708 granum
779 663 910 708 capiat
936 673 987 699 ne
1014 662 1162 708 serito),
1190 666 1228 699 et
1256 663 1402 699 circum
1431 672 1494 698 ca-

144 716 226 761 pita
258 717 396 752 addito
430 719 598 757 stercus,
627 716 782 761 paleas,
810 717 1017 758 vinaceas‚
1045 717 1196 762 aliquid
1226 717 1385 757 horum,
1414 726 1493 761 quo

94 772 117 805 4
145 770 290 806 rectius
327 770 472 805 valeat.
522 770 590 805 ubi
628 769 749 805 vinea
792 770 976 806 frondere
1015 770 1209 815 coeperit,
1248 770 1494 815 pampinato.

145 823 285 859 vineas
317 824 500 859 novellas
533 823 697 868 alligato
731 823 887 864 crebro,
920 833 971 858 ne
1005 823 1140 858 caules
1166 823 1494 868 praefringantur‚

90 886 124 911 15
146 879 185 912 et
211 887 315 922 quae
348 877 428 912 iam
462 877 501 911 in
535 877 727 921 perticam
754 876 836 917 ibit,
864 876 951 912 eius
983 876 1196 921 pampinos
1222 879 1383 912 teneros
1410 875 1495 910 alli-

143 932 239 975 gato
266 930 408 965 leviter
435 930 715 975 corrigitoque,
742 930 797 964 uti
825 933 932 965 recte
953 933 1146 975 spectent.
1183 930 1251 965 ubi
1279 940 1357 965 uva
1383 931 1495 966 varia

144 983 227 1019 fieri
255 984 445 1028 coeperit,
466 983 568 1018 vites
595 984 809 1028 subligato,
832 983 1066 1028 pampinato
1087 993 1269 1028 uvasque
1291 984 1493 1029 expellito,

145 1036 292 1072 circum
321 1037 451 1082 capita
478 1036 610 1072 sarito.

95 1092 118 1125 5
191 1089 382 1126 Salictum
415 1100 489 1125 suo
522 1093 704 1134 tempore
738 1090 907 1131 caedito,
934 1091 1089 1135 glubito
1127 1093 1290 1136 arteque
1317 1090 1494 1136 alligato.

89 1152 124 1178 20
144 1143 286 1179 librum
311 1146 561 1184 conservato,
589 1153 681 1178 cum
702 1153 804 1189 opus
827 1144 898 1178 erit
918 1143 957 1179 in
978 1144 1110 1185 vinea,
1132 1154 1181 1179 ex
1204 1153 1252 1179 eo
1279 1144 1318 1179 in
1346 1154 1493 1189 aquam

144 1196 300 1238 coicito‚
328 1197 506 1241 alligato.
558 1197 721 1238 vimina,
749 1198 857 1232 unde
891 1197 1080 1232 corbulae
1106 1198 1214 1238 fiant,
1243 1200 1495 1233 conservato.

71 1248 260 1294 XXXIIII]
331 1250 469 1285 Redeo
497 1250 549 1285 ad
575 1250 800 1285 sementim.
852 1250 920 1286 ubi
948 1250 1118 1296 quisque
1147 1251 1260 1286 locus
1286 1250 1493 1296 frigidissi-

144 1313 232 1338 mus
259 1303 632 1348 aquosissimusque
665 1303 747 1344 erit,
773 1303 828 1339 ibi
860 1304 1032 1349 primum
1065 1304 1197 1339 serito.
1249 1304 1288 1339 in
1315 1303 1493 1339 caldissi-

145 1356 219 1391 mis
245 1356 345 1392 locis
372 1356 584 1391 sementim
617 1360 865 1401 postremum
892 1357 976 1392 fieri
1004 1360 1171 1402 oportet.
1221 1360 1365 1392 terram
1393 1366 1492 1393 cave

95 1410 117 1444 2
144 1410 340 1445 cariosam
366 1412 523 1445 tractes.
568 1419 665 1455 ager
691 1410 919 1445 rubricosus
947 1414 985 1445 et
1011 1414 1112 1445 terra
1139 1410 1259 1455 pulla,
1287 1410 1491 1450 materina,

87 1470 123 1497 26
143 1463 318 1504 rudecta‚
346 1463 556 1503 harenosa,
583 1463 678 1498 item
706 1473 810 1508 quae
831 1473 984 1508 aquosa
1011 1473 1092 1499 non
1120 1464 1202 1504 erit,
1230 1463 1284 1498 ibi
1309 1463 1491 1508 lupinum

143 1516 295 1551 bonum
322 1516 402 1551 fiet.
442 1516 480 1551 in
509 1518 615 1551 creta
637 1521 675 1552 et
696 1516 848 1561 uligine
871 1519 909 1552 et
929 1517 1083 1552 rubrica
1104 1520 1142 1552 et
1163 1526 1260 1562 ager
1280 1517 1347 1561 qui
1368 1526 1491 1562 aquo-

144 1579 210 1604 sus
247 1569 335 1610 erit,
371 1579 513 1604 semen
549 1570 742 1605 adoreum
781 1569 1034 1614 potissimum
1071 1570 1203 1605 serito.
1263 1579 1367 1614 quae
1402 1569 1491 1605 loca

144 1622 251 1658 sicca
278 1624 316 1657 et
341 1631 423 1658 non
441 1621 671 1666 <h>erbosa
692 1626 817 1664 erunt,
839 1626 976 1668 aperta
996 1623 1045 1658 ab
1067 1624 1218 1664 umbra,
1240 1622 1293 1657 ibi
1319 1622 1490 1658 triticum

73 1673 229 1719 XXXV]
281 1675 413 1711 serito.
455 1676 586 1711 fabam
615 1675 654 1710 in
681 1675 781 1711 locis
806 1676 952 1711 validis
978 1686 1060 1711 non
1088 1675 1332 1712 calamitosis
1358 1675 1492 1711 serito.

194 1833 300 1873 lsqq.
316 1833 370 1873 Cf.
384 1838 434 1866 41.
449 1835 615 1872 49,·Ρ1ι“η.
631 1838 748 1873 17,195
768 1832 778 1873 ΙΙ
798 1834 819 1865 8
840 1835 885 1866 ab
901 1835 974 1867 uite
989 1835 1130 1866 caluata
1143 1835 1240 1866 Plin.
1261 1831 1271 1873 ΙΙ
1290 1833 1311 1865 9
1332 1835 1416 1872 uiue
1438 1842 1489 1864 ra-

144 1880 261 1912 dicem
278 1878 416 1918 (uiuam
443 1882 599 1913 radicem
627 1881 738 1921 ΡΙίη.)
762 1880 766 1920 Ι
790 1882 836 1913 ab
856 1883 966 1913 sulcis
980 1881 1012 1913 V
1027 1891 1047 1912 a
1067 1882 1177 1913 sulcis
1197 1890 1341 1921 apogr„
1359 1881 1454 1913 ΡΙίη.

146 1927 188 1958 16
215 1927 343 1959 leniter
368 1938 448 1960 cum
476 1938 499 1959 v
525 1929 605 1961 Keil
636 1930 763 1961 leuiter
789 1926 857 1968 (sic
882 1927 994 1967 Ρίἰη.)
1022 1931 1170 1960 tutatur
1194 1929 1336 1961 Hauler
1358 1938 1395 1968 ρ.
1414 1931 1452 1959 21

144 1977 241 2006 recte
266 1978 363 2007 stent
388 1976 483 2008 Plin.
506 1980 552 2014 17,
574 1980 635 2008 197
675 1974 687 2016 ΙΙ
733 1976 775 2007 19
801 1976 840 2008 R.
861 1976 1022 2008 XXXVII
1056 1976 1229 2008 Salictum
1262 1979 1299 2007 ut
1331 1973 1384 2014 (ut
1418 1984 1488 2007 om.

144 2021 234 2060 Pol„
255 2023 343 2054 add.
365 2032 496 2063 apoyr.
517 2026 555 2055 et
570 2022 674 2063 Vici.)
701 2032 768 2055 suo
793 2026 958 2062 tempore
984 2023 1132 2055 cedatur
1150 2021 1161 2063 ΙΙ
1181 2023 1222 2055 21
1254 2023 1308 2063 Cf.
1329 2032 1357 2054 c.
1370 2026 1422 2060 31,
1437 2026 1452 2053 1
1479 2019 1482 2063 '1

144 2068 188 2100 22
217 2068 256 2101 R.
276 2069 454 2102 XXXVIII
485 2071 541 2102 De
573 2071 729 2103 sementi
764 2071 935 2103 facienda
986 2069 990 2109 Ι
1045 2070 1099 2110 Cf.
1119 2071 1215 2102 Plin.
1236 2073 1285 2108 18,
1307 2073 1454 2109 1638qq.
1480 2067 1491 2109 ΙΙ

144 2116 189 2147 25
210 2115 250 2148 R.
270 2116 465 2149 XXXVIIII
484 2117 540 2150 De
561 2127 648 2158 agro
669 2118 867 2150 rubricoso.
894 2117 992 2158 Ager
1014 2116 1019 2156 Ι
1043 2117 1097 2157 Cf.
1113 2127 1141 2149 c.
1155 2122 1195 2155 5,·
1215 2121 1253 2155 6‚·
1272 2121 1314 2149 37
1332 2114 1342 2156 ΙΙ
1363 2116 1407 2148 27
1427 2116 1491 2148 fiet

144 2160 230 2200 (siet
254 2163 286 2195 V
312 2164 376 2196 fiet
401 2173 533 2205 apoyr.
560 2168 598 2197 et
626 2163 728 2204 Vici.)
751 2162 756 2205 Ι
778 2174 865 2205 ager
892 2166 953 2204 qui
980 2174 1112 2205 apoyr.
1139 2173 1225 2205 agro
1253 2165 1318 2203 qui·
1340 2173 1383 2196 ex
1408 2165 1489 2196 cod.

145 2211 274 2243 Med1'c.
295 2220 328 2242 m
348 2211 420 2244 luc.
441 2213 503 2251 qui
524 2220 610 2252 ager
629 2213 730 2250 Keil:
750 2213 794 2252 cf.
815 2213 1005 2252 Loefstedt
1026 2208 1187 2252 ‘Pereyrz
1207 2207 1327 2244 Aethss
1341 2221 1378 2251 p.
1392 2214 1456 2243 226

143 2257 190 2289 30
217 2257 256 2290 R.
276 2257 336 2290 XL
362 2258 418 2290 De
438 2259 523 2291 faba
543 2262 579 2291 et
598 2260 694 2291 uicia
713 2260 860 2299 siligine
886 2260 1024 2292 hordeo
1052 2260 1114 2291 ubi
1141 2262 1314 2292 serantur.
1353 2258 1487 2290 Fabam
