1618 2470
143 74 197 111 70
734 65 895 102 Catonis

143 174 277 210 omnia
304 173 521 218 decoquito
548 183 676 218 usque
697 174 748 208 ad
769 173 964 209 sextarios
984 181 1025 208 111
1048 173 1151 208 iuris.
1192 174 1327 209 oleum
1348 183 1400 208 ne
1427 174 1495 208 ad-

136 226 302 262 dideris.
342 226 522 261 indidem
543 236 658 261 sume
677 226 748 262 tibi
775 227 992 262 sextarium
1019 237 1144 262 unum
1169 226 1362 272 tepidum,
1390 227 1496 261 adde

138 280 224 315 vvini
258 278 327 315 Coi
357 281 517 324 cyatum
551 290 692 320 unum,
719 280 830 321 bibe,
864 280 1150 325 interquiesce‚
1178 280 1327 315 deinde
1353 280 1496 315 iterum

145 333 290 369 eodem
318 333 453 373 modo,
480 332 629 367 deinde
655 333 831 368 tertium:
856 333 1048 378 purgabis
1074 336 1113 368 te
1139 334 1256 369 bene.
1302 335 1341 368 et
1366 333 1399 368 si
1425 342 1496 367 vo-

103 395 124 421 ὅ
144 387 202 421 les
229 386 392 430 insuper
418 385 557 420 vinum
584 384 710 421 Coum
738 386 905 421 mixtum
933 386 1082 427 bibere,
1109 386 1244 421 licebit
1269 386 1394 422 bibas.
1446 395 1496 421 ex

145 440 192 475 iis
223 442 280 475 tot
313 439 432 474 rebus
465 439 573 483 quod
606 439 795 484 scripturn
829 442 888 475 est
927 450 1067 480 unum,
1102 440 1211 484 quod
1250 449 1388 475 eorum
1423 438 1496 479 vis,

146 493 280 528 alvum
309 492 469 527 deicere
494 494 637 537 potest.
689 502 827 527 verum
862 502 909 528 ea
942 502 982 528 re
1008 496 1066 528 tot
1092 502 1154 527 res
1181 494 1282 532 sunt,
1309 491 1365 527 uti
1391 492 1497 527 bene

146 545 310 586 deicias,
338 549 376 580 et
403 554 529 580 suave
557 548 626 580 est.

70 598 255 644 CLVIIII]
307 598 544 643 intertrigini
577 599 811 634 remedium.
849 600 887 634 in
924 600 1031 634 viani
1071 609 1162 634 cum
1203 599 1288 640 ibis.
1321 598 1496 643 apsinthi

93 661 127 688 ιο
146 652 301 688 Pontici
329 652 532 687 surculum
560 652 633 687 sub
661 653 782 688 anulo
810 653 970 689 habeto.

71 705 186 752 CLX]
240 706 394 740 Luxum
416 705 560 750 siquod
582 707 651 746 est,
667 705 743 741 hac
764 706 951 742 cantione
971 716 1113 741 sanum
1127 706 1207 741 fiet.
1229 705 1494 741 harundinem

148 760 300 804 prende
332 758 402 793 tibi
438 758 606 794 viridem
640 766 674 793 Ρ.
702 767 758 793 1111
787 762 854 794 aut
886 759 1064 804 quinque
1099 759 1282 805 longam,
1319 758 1496 794 mediam

149 813 331 853 diffinde,
366 814 404 847 et
437 812 518 847 duo
551 811 737 847 homines
768 815 933 848 teneant
966 813 1017 847 ad
1057 813 1312 848 coxendices.
1363 812 1497 856 incipe

151 868 311 901 cantare
345 864 399 910 [in
433 865 511 900 alio
545 875 574 900 s.
601 865 624 899 f.
652 867 807 901 moetas
840 869 959 901 uaeta
993 866 1123 901 daries
1157 866 1361 901 dardaries
1395 865 1497 900 asia-

96 928 128 954 15
149 919 308 954 darides
336 928 416 953 una
442 920 556 963 petes
576 928 705 963 usque
726 919 821 953 dum
843 918 1019 964 coeant]:
1048 919 1192 954 ‘motas
1220 921 1338 954 uaeta
1365 918 1497 954 daries

150 973 339 1008 dardares
360 971 565 1006 astataries
586 972 882 1017 diSsunapiter'‚
898 982 1026 1017 usque
1051 973 1146 1007 dum
1168 975 1323 1008 coeant.
1350 972 1495 1008 ferrum

151 1027 314 1071 insuper
346 1025 502 1060 iactato.
555 1024 622 1060 ubi
656 1025 823 1061 coierint
855 1029 894 1061 et
928 1026 1051 1061 altera
1084 1026 1248 1060 alteram
1280 1025 1494 1071 tetigerint,

151 1081 190 1114 id
216 1089 337 1114 manu
364 1078 572 1123 prehende
599 1080 637 1113 et
669 1079 834 1114 dextera
866 1079 1023 1114 sinistra
1057 1078 1256 1124 praecide,
1284 1079 1335 1113 ad
1362 1078 1496 1113 luxum

151 1135 219 1168 aut
245 1132 295 1167 ad
321 1132 532 1167 fracturam
560 1131 693 1176 alliga,
721 1141 863 1167 sanum
889 1132 968 1168 fiet.
1015 1134 1052 1167 et
1072 1134 1208 1167 tamen
1231 1131 1378 1167 cotidie
1406 1140 1497 1166 can-

96 1195 131 1221 20
151 1189 232 1221 tato
261 1184 315 1230 [in
336 1185 415 1221 alio
437 1195 465 1219 s.
487 1184 509 1219 f.
536 1185 601 1220 vel
628 1185 776 1220 luxato.
802 1185 863 1220 vel
884 1185 961 1221 hoc
983 1185 1117 1225 modo,
1138 1185 1235 1220 huat
1259 1185 1382 1219 hauat
1401 1184 1497 1218 huat

151 1240 225 1274 ista
240 1239 343 1284 pista
363 1238 459 1273 sista
480 1238 669 1274 dannabo
690 1237 946 1283 dannaustra]
970 1241 1008 1274 et
1022 1239 1158 1274 luxato
1179 1238 1245 1273 vel
1260 1238 1338 1273 hoc
1353 1237 1493 1273 modo:

154 1292 265 1327 ‘huat
291 1292 387 1326 haut
413 1291 509 1326 haut
536 1291 666 1327 istasis
692 1292 806 1327 tarsis
833 1292 1094 1327 ardannabou
1123 1290 1395 1326 dannaustra’.

74 1344 210 1390 CLXI]
263 1345 494 1390 Asparagus
527 1354 607 1389 quo
646 1346 768 1380 modo
802 1347 964 1381 seratur.
1008 1346 1141 1380 locum
1169 1344 1357 1390 subigere
1384 1353 1498 1389 opor-

152 1402 208 1434 tet
233 1399 350 1439 bene‚
377 1398 444 1442 qui
472 1397 617 1433 habeat
644 1407 836 1439 umorem,
858 1401 926 1433 aut
949 1398 1082 1434 locum
1105 1407 1293 1433 crassum.
1332 1398 1400 1433 ubi
1429 1398 1499 1433 erit

98 1461 132 1487 25
152 1453 359 1492 subactus,
393 1460 506 1486 areas
538 1451 674 1492 facito,
709 1454 750 1486 ut
781 1451 912 1496 possis
948 1452 1086 1486 dextra
1113 1451 1351 1496 siniStraque
1378 1451 1499 1486 sarire

153 1515 335 1546 runcare,
368 1514 420 1540 ne
453 1505 636 1540 calcetur.
689 1514 778 1540 curn
813 1514 925 1539 areas
959 1504 1217 1545 deformabis‚
1245 1503 1498 1539 intervallum

153 1559 271 1594 facito
292 1559 393 1594 inter
413 1568 526 1593 areas
547 1558 798 1602 semipedem
819 1558 942 1592 latum
964 1557 1003 1592 in
1022 1567 1164 1592 omnes
1184 1559 1327 1602 partes.
1350 1557 1498 1592 deinde

204 1706 217 1735 1
258 1705 455 1743 decoquito
489 1702 652 1743 (coquito
679 1704 711 1736 V
737 1704 934 1742 decoquito
967 1710 1021 1735 vet
1055 1703 1281 1742 dequoquito
1315 1701 1492 1743 (moyn),

155 1753 174 1783 3
202 1753 259 1784 coi
286 1761 308 1783 v
336 1749 511 1791 ευ1115.6
538 1755 667 1783 exusto
694 1752 816 1783 trebus
843 1750 904 1789 (ex
930 1751 987 1783 his
1013 1753 1065 1782 tot
1090 1751 1198 1782 rebus
1217 1749 1280 1782 Vb
1308 1759 1353 1781 ex
1379 1750 1423 1781 iis
1449 1752 1501 1781 tot

155 1800 262 1832 rebus
283 1800 315 1830 A
336 1801 372 1831 et
390 1799 475 1831 Vici.
502 1802 630 1831 exusto
657 1799 779 1830 trebus
805 1798 858 1830 mi
885 1801 989 1830 eusto
1011 1798 1131 1829 trebus
1153 1796 1187 1836 c)
1207 1794 1219 1836 ΙΙ
1238 1796 1259 1828 9
1286 1796 1325 1829 R.
1349 1796 1501 1828 CLXVII

156 1847 371 1886 intertrigini
398 1847 595 1878 remedium
623 1847 652 1878 si
679 1847 739 1877 uia
765 1847 834 1878 ibis
869 1843 872 1885 Ι
910 1845 963 1885 Cf.
991 1845 1148 1882 ΡΙίη.26,
1169 1848 1206 1876 91
1232 1842 1236 1883 Ι
1260 1845 1297 1876 in
1323 1846 1419 1876 uiam
1448 1842 1500 1882 (in

157 1895 216 1925 uia
242 1894 319 1926 Pol.
348 1895 384 1925 in
412 1895 507 1925 uiam
535 1903 666 1934 apoyr.
694 1903 763 1925 rec.
785 1895 821 1925 et
839 1893 924 1925 Vict.
951 1893 988 1924 in
1014 1894 1074 1924 uia
1100 1891 1148 1931 A)
1169 1890 1179 1931 ΙΙ
1202 1892 1240 1923 11
1271 1891 1310 1923 R.
1334 1890 1501 1923 CLXVIII

158 1942 294 1973 Luxum
321 1944 359 1972 ut
386 1944 559 1973 excantes
582 1939 586 1980 Ι
610 1941 731 1980 siquid
757 1941 848 1972 Keil.
875 1940 1008 1979 siquod
1035 1941 1183 1971 tutatur
1208 1939 1351 1971 Hauler
1373 1949 1410 1979 ρ.
1424 1942 1467 1970 26

158 1988 212 2028 Cf.
238 1989 493 2027 Plin.17,267,·
518 1992 569 2027 28,
589 1993 626 2020 21
695 1986 707 2028 ΙΙ
776 1988 913 2019 14-15
942 1987 995 2027 Cf.
1022 1987 1179 2019 Skutsch
1208 1988 1311 2026 apud
1336 1987 1376 2018 R.
1396 1986 1500 2017 Heim

157 2034 378 2073 (lncantam.
406 2045 504 2075 may.
527 2035 588 2068 Gr.
608 2036 688 2067 Lat.
708 2035 800 2067 Νου.
827 2044 914 2067 αηη.
941 2035 1063 2074 suppl.
1091 2032 1145 2073 19)
1169 2044 1206 2074 ρ.
1227 2038 1376 2073 565sq.‚·
1406 2033 1501 2065 Wes-

155 2084 233 2122 sely
262 2079 390 2115 ‘Wiem
416 2079 538 2115 siud?
559 2086 600 2115 20
626 2081 677 2121 (α.
706 2080 801 2121 1898)
825 2092 863 2122 ρ.
885 2086 943 2114 135
954 2091 1033 2122 sqq.
1066 2081 1180 2113 Verba
1208 2091 1250 2113 ex
1276 2082 1351 2113 alio
1378 2081 1502 2112 codice

158 2126 227 2167 (‘in
254 2131 325 2161 alio
352 2131 404 2162 sic
431 2126 569 2169 fertur’)
597 2132 790 2169 adscripta
818 2130 952 2162 inclusi
976 2126 987 2168 ΙΙ
1015 2128 1056 2160 17
1083 2130 1239 2168 tetigerit
1264 2128 1348 2160 Vict.
1375 2137 1455 2160 cum
1475 2128 1500 2167 f,

157 2178 236 2209 Keil
260 2175 271 2217 ΙΙ
296 2178 340 2209 23
367 2177 406 2210 R.
432 2177 615 2209 CLXVIIII
641 2177 852 2217 Asparagus
879 2176 1066 2216 quomodo
1092 2180 1227 2208 seratur
1255 2173 1260 2214 Ι
1290 2174 1501 2214 Asparagus

158 2225 344 2263 quomodo
370 2228 506 2256 seratur
528 2227 618 2264 post
642 2226 828 2257 rubricam
856 2225 995 2255 omissa
1023 2225 1058 2255 in
1087 2225 1194 2255 initio
1215 2224 1351 2262 capitis
1371 2223 1501 2262 posuit

159 2272 297 2304 Gesner
319 2270 323 2311 Ι
348 2271 401 2311 Cf.
422 2281 451 2304 c,
466 2276 495 2310 6,
508 2276 539 2310 3,
560 2270 786 2310 Plin.l9,l47
804 2269 814 2311 ΙΙ
835 2272 878 2303 24
900 2272 1086 2302 humorem
1102 2274 1163 2302 aut
1183 2271 1264 2302 Ioco
1281 2278 1402 2301 crasso
1423 2265 1503 2310 (ubi

159 2322 218 2349 aut
237 2319 357 2351 Iocum
379 2328 536 2351 crassum
556 2320 700 2351 Plinius
721 2320 853 2359 leyisse
874 2319 1021 2350 videtur·
1034 2318 1161 2356 Kenio,
1189 2318 1290 2357 quod
1316 2312 1500 2357 reposuit)
