1618 2470
480 66 539 101 De
566 66 650 111 agri
680 66 831 101 cultura
859 75 889 101 0.
910 65 1052 101 33-37
1394 71 1451 110 29

98 174 245 209 viciam
278 175 320 208 et
351 173 515 208 faenum
544 172 744 208 Graecum
781 182 902 218 quam
941 173 1106 208 minime
1137 172 1321 208 herbosis
1354 173 1453 208 locis

100 227 234 263 serito.
283 226 499 272 siliginem,
534 226 707 261 triticum
743 226 783 261 in
820 226 911 262 1000
950 229 1089 271 aperto
1129 227 1250 267 celso,
1287 226 1355 261 ubi
1394 227 1454 261 sol

100 290 221 326 quam
256 279 482 315 diutissime
518 279 605 319 siet,
642 279 718 314 seri
752 281 921 324 oportet.
972 279 1111 314 lentim
1148 280 1187 314 in
1224 281 1390 315 rudecto
1419 283 1457 315 et

97 333 303 369 rubricoso
338 333 442 373 loco,
479 332 546 378 qui
582 332 780 368 herbosus
815 343 897 369 non
933 333 1024 374 siet,
1061 333 1195 369 serito.
1246 334 1455 374 hordeum,
1482 333 1504 367 2

99 387 167 432 qui
198 387 312 422 locus
345 395 478 422 novus
512 385 584 421 erit
616 388 684 421 aut
710 386 777 430 qui
812 386 1000 422 restibilis
1026 386 1111 422 fieri
1138 387 1294 431 poterit,
1323 387 1454 422 serito.
1494 395 1511 420 5

98 438 385 485 trimestre[m],
419 449 499 484 quo
532 439 572 474 in
604 439 696 474 loco
729 440 943 475 sementim
977 442 1173 475 maturam
1206 440 1339 476 facere
1374 450 1456 476 non

98 493 276 539 potueris
303 495 342 528 et
368 492 436 538 qui
460 492 574 528 locus
594 492 782 528 restibilis
803 493 1068 529 crassitudine
1088 493 1174 529 lieri
1195 494 1350 539 poterit,
1379 494 1455 529 seri

100 548 269 593 oportet.
318 546 499 591 rapinam
527 548 566 581 et
592 546 703 581 coles
734 546 873 591 rapicii
906 547 1015 582 unde
1041 547 1139 581 fiant
1166 550 1205 582 et
1232 547 1454 592 raphanum

101 601 142 636 in
168 600 259 636 loco
286 601 505 635 stercorato
532 599 639 635 bene
665 602 733 635 aut
759 600 799 635 in
826 600 916 636 loco
945 610 1079 636 crasso
1107 600 1239 635 serito.

148 652 263 693 Quae
283 654 466 698 segetem
487 655 719 688 stercorent.
742 656 895 689 stercus
917 654 1194 689 columbinum
1215 664 1323 698 spar-
1352 652 1526 699 [XXXVI

99 717 197 753 gere
222 708 381 752 oportet
413 706 453 740 in
486 708 643 751 pratum
669 707 734 741 vel
768 707 807 742 in
835 705 1051 751 <h>ortum
1083 707 1149 742 vel
1185 707 1226 742 in
1259 710 1455 752 segetem.
1477 716 1508 742 11

99 760 318 806 caprinum,
351 759 530 800 ovillum,
566 759 774 801 bubulum,
801 760 897 795 item
933 762 1110 795 ceterum
1146 762 1298 796 stercus
1335 771 1457 796 omne

101 813 244 850 sedulo
273 814 524 848 conservato.
569 811 832 858 amurca<m>
856 823 1024 858 spargas
1049 814 1115 848 vel
1142 814 1292 859 inriges
1320 815 1370 849 ad
1398 825 1456 849 ar-

100 869 234 903 bores:
263 866 411 901 circum
448 866 579 911 capita
613 866 765 902 maiora
798 867 1030 912 amphoras,
1064 867 1115 901 ad
1149 867 1304 903 minora
1338 878 1456 903 urnas

100 930 191 956 cum
218 928 348 965 aquae
375 919 544 954 dimidio
571 920 722 961 addito,
749 921 992 965 ablaqueato
1019 920 1128 965 prius
1154 916 1236 956 non
1264 922 1353 956 alte.
1478 930 1511 957 15

147 972 262 1013 Quae
279 972 386 1007 mala
405 972 445 1007 in
460 974 602 1018 segete
617 973 705 1008 sint.
730 974 762 1009 si
778 974 975 1009 cariosam
990 976 1135 1009 terram
1149 977 1306 1010 tractes.
1336 974 1528 1019 [XXXVII

102 1027 216 1068 cicer,
252 1026 362 1071 quod
396 1025 556 1061 vellitur
593 1028 631 1061 et
666 1028 775 1072 quod
812 1027 963 1062 salsum
1000 1029 1075 1068 est,
1110 1037 1158 1063 eo
1197 1029 1347 1063 malum
1385 1032 1456 1064 est.

103 1080 313 1120 hordeum,
338 1079 502 1114 faenum
530 1078 741 1121 Graecum,
776 1090 932 1122 ervum,
965 1081 1068 1116 haec
1101 1082 1239 1117 omnia
1272 1084 1455 1127 segetem

103 1135 304 1179 exsugunt
331 1136 370 1168 et
396 1133 533 1168 omnia
554 1143 658 1177 quae
678 1134 890 1169 velluntur.
935 1135 1103 1170 nucleos
1131 1135 1171 1170 in
1194 1138 1377 1181 segetem
1405 1146 1456 1171 ne

98 1186 303 1223 indideris.
1475 1197 1510 1224 20

148 1239 263 1280 Quae
289 1241 473 1284 segetem
500 1242 720 1275 stercorent
745 1240 897 1285 fruges:
931 1241 1125 1286 lupinum,
1158 1242 1261 1283 faba,
1288 1242 1405 1277 vicia.
1483 1244 1504 1278 2

148 1293 309 1330 Stercus
335 1292 444 1327 unde
470 1292 610 1329 facias:
644 1295 873 1335 stramenta,
898 1294 1091 1339 lupinum,
1119 1296 1269 1340 paleas,
1297 1296 1455 1336 fabalia,

100 1356 208 1388 acus,
233 1347 417 1382 frondem
444 1345 649 1391 iligneam,
676 1356 908 1392 querneam.
961 1358 1010 1383 ex
1036 1349 1166 1394 segeti
1193 1349 1332 1385 vellito
1361 1350 1456 1385 ebu-

100 1401 195 1441 lum,
216 1400 388 1435 cicutam
416 1401 455 1434 et
481 1399 630 1435 circum
657 1400 797 1436 salicta
823 1401 990 1436 herbam
1016 1402 1138 1437 altam
1160 1401 1455 1447 u<l>vamquez

101 1464 193 1489 eam
207 1452 450 1489 substernito
472 1452 617 1488 ovibus
638 1454 864 1499 bubusque,
878 1454 1063 1490 frondem
1083 1455 1277 1500 putidam.
1302 1459 1455 1501 partem
1477 1465 1511 1491 25

100 1508 152 1543 de
178 1506 334 1542 nucleis
366 1506 592 1542 succernito
627 1509 665 1542 et
697 1507 737 1542 in
770 1508 902 1543 lacum
939 1508 1096 1550 coicito,
1124 1519 1173 1545 eo
1207 1519 1355 1554 aquam
1388 1511 1456 1544 ad-

103 1561 198 1602 dito,
225 1560 467 1605 permisceto
501 1563 606 1596 rutro
640 1562 762 1597 bene:
790 1562 885 1597 inde
917 1562 1044 1598 lutum
1073 1563 1221 1599 circum
1248 1564 1361 1599 oleas
1388 1564 1455 1599 ab·

102 1614 310 1659 laqueatas
337 1612 488 1653 addito,
508 1615 677 1650 nucleos
698 1615 918 1651 conbustos
945 1616 1040 1651 item
1062 1617 1211 1652 addito.
1252 1616 1401 1662 viti<s>
1424 1617 1456 1661 si
1482 1618 1504 1653 3

102 1676 235 1702 macra
262 1667 344 1708 erit,
371 1670 573 1704 sarmenta
603 1678 676 1703 sua
709 1669 914 1704 concidito
948 1669 1101 1705 minute
1129 1673 1168 1705 et
1194 1670 1345 1706 ibidem
1373 1670 1455 1705 ina-

102 1723 187 1757 rato
214 1724 281 1756 aut
308 1721 489 1758 infodito.
1476 1733 1510 1760 30

152 1837 166 1868 1
195 1837 327 1869 niciam
354 1838 419 1870 Ab
447 1839 573 1870 uitiam
600 1838 661 1870 Vc
698 1837 709 1878 ΙΙ
746 1839 767 1871 2
796 1839 850 1878 Cf.
873 1840 968 1871 Plin.
990 1843 1040 1877 18,
1062 1844 1122 1871 164
1153 1837 1164 1878 Η
1201 1840 1222 1871 6
1249 1841 1320 1872 del.
1346 1841 1455 1872 Ροηΐ.

101 1893 145 1915 ex
175 1884 270 1916 Ptin.
292 1888 341 1923 18,
364 1889 422 1917 164
454 1883 465 1925 ΙΙ
500 1886 543 1917 10
570 1885 612 1918 R.
632 1885 709 1918 XLI
735 1886 817 1922 Que
843 1891 1007 1926 segetem
1047 1890 1247 1919 stercorent
1281 1885 1286 1927 1
1321 1891 1455 1919 sterco-

101 1933 180 1963 rent
205 1940 226 1963 e
251 1935 451 1964 stercorant
470 1933 581 1965 Vahi
608 1929 667 1973 (cf.
689 1937 749 1972 16,·
761 1933 818 1973 21)
838 1932 850 1974 ΙΙ
872 1934 911 1965 11
942 1937 1057 1966 ortum
1079 1944 1211 1974 apoyr.
1232 1935 1373 1967 hortum
1395 1935 1426 1967 V
1445 1932 1456 1974 Η

102 1979 145 2011 13
172 1980 260 2011 add.
288 1988 311 2010 v
339 1976 344 2018 Ι
380 1979 435 2019 Cf.
455 1990 485 2012 c.
504 1984 567 2018 93:
592 1981 688 2013 ΡΙίη.
710 1985 759 2020 17,
778 1985 841 2013 263
866 1980 877 2021 ΙΙ
911 1981 953 2013 16
981 1981 1020 2013 R.
1047 1981 1139 2013 XLII
1166 1981 1271 2018 Quae
1298 1983 1394 2014 mala
1418 1983 1455 2013 in

101 2029 229 2065 segete
255 2027 328 2058 sint
350 2024 354 2065 Ι
379 2026 434 2067 Cf.
455 2037 484 2059 c.
504 2032 534 2066 5,
549 2032 589 2066 6‚·
614 2032 655 2060 34
677 2026 682 2067 Ι
704 2031 836 2061 tractes
867 2029 953 2061 Vim‘.
974 2029 1103 2061 tracies
1123 2027 1134 2067 ΙΙ
1181 2029 1222 2061 17
1250 2030 1351 2069 quod
1383 2031 1454 2061 sal-

101 2081 181 2105 sum
208 2071 284 2112 (qb·
311 2074 448 2106 salsum
474 2075 554 2107 Pol.
581 2077 682 2115 quod
708 2077 845 2108 salsum
879 2085 1011 2116 apogr.
1039 2079 1075 2108 et
1105 2072 1208 2117 Vict.)
1243 2073 1248 2116 1
1283 2077 1337 2117 Cf.
1359 2078 1454 2109 Ρὶἰη.

102 2124 152 2159 17,
171 2124 214 2152 56
231 2119 242 2156 ΙΙ
265 2120 308 2152 19
333 2124 489 2153 exurunt
507 2122 603 2155 Plin.
625 2127 674 2161 17,
694 2127 738 2155 56
754 2121 765 2163 ΙΙ
785 2124 827 2155 21
856 2124 953 2155 uicia
975 2133 1108 2164 apoyr.
1135 2125 1225 2156 uitia
1244 2124 1277 2156 V
1295 2121 1306 2164 ΙΙ
1326 2125 1370 2157 23
1397 2133 1453 2156 se-

100 2170 186 2207 gete
217 2177 260 2200 ex
297 2169 393 2201 Ptin.
414 2172 464 2207 17,
483 2173 526 2201 55
563 2169 719 2209 Gesner,
752 2171 833 2203 Keil
886 2168 897 2210 Ιὶ
952 2170 1008 2203 23.
1030 2171 1075 2203 24
1113 2172 1260 2203 ebulum
1300 2173 1452 2204 cicutam

102 2213 268 2252 (ebulum
295 2218 332 2247 et
356 2217 512 2248 cicutam
531 2216 565 2248 V
589 2219 737 2250 ebulum
765 2219 918 2250 cicutam
946 2227 1079 2258 apoyr.
1106 2221 1143 2251 et
1172 2217 1274 2257 Vici.)
1294 2216 1306 2258 ΙΙ
1326 2219 1371 2251 24
1396 2228 1453 2250 sa-

100 2262 186 2293 licta
210 2271 254 2295 ex
278 2263 374 2295 Plin.
405 2263 492 2296 Vict.
517 2267 644 2296 saueta
666 2264 670 2303 Ι
693 2267 782 2297 add.
808 2261 857 2297 Α2
882 2267 919 2297 et
948 2266 1034 2297 Viet.
1062 2275 1105 2298 ex
1129 2266 1224 2298 Plin.
1254 2264 1265 2305 ΙΙ
1294 2266 1339 2297 28
1366 2267 1454 2298 add.

103 2310 185 2341 cod.
204 2310 300 2342 Med.
326 2319 360 2341 m
386 2312 496 2342 vinea
520 2311 616 2343 plin.

174 2368 257 2398 Cato
279 2371 328 2397 De
351 2371 422 2405 agri
445 2371 575 2399 cultura
596 2372 648 2399 ed.
672 2373 802 2401 Goetz
1219 2370 1242 2403 4
