1618 2470
120 43 175 82 45
714 33 875 70 Catonis

121 144 248 184 oleae,
271 145 309 178 et
335 143 414 178 hoc
441 142 624 187 amplius,
650 151 739 177 cum
761 151 832 177 ver
858 142 1032 186 adpetet,
1060 144 1203 177 terram
1225 143 1481 188 adaggerato-

121 198 238 233 bene.
289 196 321 231 si
354 196 410 231 ita
441 195 594 236 feceris,
629 197 667 230 et
699 195 827 240 grossi
862 204 943 230 non
978 195 1122 230 cadent
1151 198 1189 230 et
1215 196 1279 231 fici
1308 196 1478 231 scabrae

122 259 203 286 non
229 250 327 285 fient
354 252 393 284 et
420 249 544 284 multo
571 248 786 284 feraciores
813 251 938 284 erunt.

51 301 275 347 LXXXXV]
329 301 604 338 Convolvolus
637 301 677 336 in
703 301 812 336 vinia
845 310 896 336 ne
923 301 1008 336 siet.
1060 311 1264 337 amurcam
1300 303 1476 344 condito,

86 365 104 391 5
123 366 263 401 puram
284 356 390 391 bene
410 354 542 396 facito,
558 354 597 389 in
618 364 690 389 vas
712 354 913 390 aheneum
935 354 1062 390 indito
1079 355 1248 400 congios
1269 364 1307 391 11.
1336 359 1479 402 postea

123 409 206 455 igni
234 409 313 444 leni
343 408 517 453 coquito,
545 407 724 443 rudicula
746 407 897 453 agitato
922 408 1060 443 crebro
1088 418 1216 453 usque
1243 410 1359 451 adeo,
1382 410 1476 445 dum

123 463 192 498 fiat
218 465 299 498 tam
328 471 505 497 crassum
527 471 647 506 quam
668 461 759 496 mel.
786 463 929 506 postea
949 461 1096 497 sumito
1117 461 1323 498 bituminis
1347 463 1477 499 tertia-

77 517 98 551 2
124 516 224 551 rium
253 517 292 551 et
317 514 489 560 sulpuris
510 514 764 560 quartarium.
804 514 999 550 conterito
1021 515 1061 550 in
1083 515 1269 551 mortario
1297 526 1478 552 seorsum

125 572 348 614 utrumque.
399 571 541 613 postea
574 567 729 603 infriato
758 577 878 612 quam
913 567 1181 603 minutissime
1208 568 1247 603 in
1276 579 1478 605 amurcam

74 631 106 657 10
127 623 284 658 caldam
312 624 351 657 et
377 622 495 657 simul
516 620 697 656 rudicula
717 620 885 656 misceto
908 623 946 656 et
967 621 1102 657 denuo
1124 622 1286 666 coquito
1310 623 1383 657 sub
1412 623 1484 658 dio-

127 676 253 712 caelo.
298 685 390 710 nam
419 675 451 710 si
479 675 517 709 in
545 676 651 709 tecto
674 683 836 719 coquas,
859 684 948 709 cum
976 675 1155 710 bitumen
1184 679 1222 710 et
1249 675 1385 721 sulpur
1411 677 1479 711 ad-

128 729 253 764 ditum
276 731 346 770 est,
369 728 652 763 excandescet.
688 727 755 762 ubi
779 727 851 762 erit
870 730 951 762 tarn
973 737 1149 763 crassum
1172 738 1292 773 quarn
1314 729 1481 769 viscum,

128 782 246 818 sinito
279 782 477 827 frigescat.
528 781 605 816 hoc
638 781 762 816 vitem
799 780 946 816 circum
981 784 1099 826 caput
1135 784 1173 816 et
1208 783 1282 817 sub
1319 782 1482 818 brachia

128 835 315 881 unguito:
343 834 610 870 convolvolus
638 844 718 870 non
747 836 942 870 nascetur.

58 887 299 934 LXXXXVI]
351 887 460 924 Oves
500 898 551 923 ne
590 889 757 924 scabrae
795 887 903 922 fiant.
955 898 1156 923 amurcam
1198 889 1373 930 condito,
1412 899 1481 934 pu-

77 951 110 977 16
130 953 213 977 ram
246 942 351 977 bene
377 941 514 983 facito,
543 952 689 986 aquam
719 941 786 985 {in
814 940 921 986 qua>
949 941 1109 986 lupinus
1146 941 1417 986 def<se>rverit
1444 946 1482 977 et

128 996 284 1031 faecem
318 996 368 1030 de
395 995 490 1031 vino
519 996 645 1036 bono,
673 995 774 1030 inter
808 1004 851 1030 se
887 994 1024 1030 omnia
1051 994 1299 1030 conmisceto
1326 995 1481 1040 pariter.

130 1051 272 1094 postea
305 1059 395 1084 cum
429 1048 677 1089 detonderis,
712 1047 880 1093 unguito
913 1050 1035 1089 totas,
1071 1047 1190 1084 sinito
1223 1048 1389 1084 biduum
1417 1052 1483 1083 aut

82 1103 104 1137 2
129 1103 303 1137 triduum
332 1102 567 1137 consudent.
620 1101 769 1137 deinde
799 1101 922 1136 lavito
950 1101 989 1136 iu
1018 1101 1132 1136 mari:
1167 1101 1197 1136 si
1227 1111 1373 1146 aquam
1400 1112 1482 1136 ma-

77 1164 111 1190 20
132 1156 259 1191 rinam
280 1165 362 1190 non
382 1154 563 1196 habebis,
584 1155 703 1190 facito
726 1165 871 1200 aquarn
893 1155 1053 1196 salsam,
1081 1164 1129 1190 ea
1155 1155 1290 1190 lavito.
1330 1155 1361 1190 si
1384 1155 1484 1191 haec

133 1209 188 1244 sic
214 1208 367 1249 feceris,
395 1218 528 1253 neque
555 1209 722 1244 scabrae
754 1208 852 1244 fient
886 1210 924 1243 et
951 1208 1068 1243 lanae
1094 1209 1184 1253 plus
1211 1211 1249 1244 et
1276 1208 1483 1244 meliorem

133 1262 356 1303 habebunt,
391 1264 428 1297 et
461 1261 571 1297 ricini
606 1272 686 1297 non
723 1264 836 1297 erunt
869 1261 1038 1297 molesti.
1091 1262 1237 1297 eodem
1271 1261 1309 1296 in
1344 1271 1485 1297 omnes

133 1315 403 1361 quadripedes
431 1315 541 1355 utito,
569 1315 601 1350 si
623 1316 789 1350 scabrae
818 1318 942 1350 erunt.

64 1367 320 1414 LXXXXVII]
372 1368 546 1404 Amurca
579 1369 748 1404 decocta
781 1378 899 1403 axem
935 1368 1104 1413 unguito
1142 1372 1179 1403 et
1215 1368 1297 1404 lora
1335 1372 1371 1404 et
1408 1369 1484 1404 cal-

79 1431 114 1457 25
135 1423 334 1458 ciamenta
362 1425 400 1457 et
427 1421 551 1457 coria:
580 1421 716 1457 omnia
744 1421 910 1457 meliora
936 1422 1070 1457 iacies.

65 1474 338 1520 LXXXXVIII]
391 1474 641 1510 Vestimenta
674 1485 725 1510 ne
757 1474 880 1510 tiniae
912 1477 1090 1520 tangant.
1130 1484 1332 1510 amurcam
1367 1476 1486 1511 deco-

136 1528 246 1574 quito
273 1529 324 1563 ad
352 1528 574 1569 dimidium,
597 1539 644 1564 ea
665 1528 834 1574 unguito
854 1529 1021 1563 fundum
1043 1538 1159 1564 arcae
1181 1531 1218 1564 et
1240 1529 1487 1565 extrinsecus

137 1585 175 1617 et
201 1582 328 1627 pedes
355 1584 393 1617 et
419 1582 602 1627 angulos.
647 1582 715 1617 ubi
738 1591 785 1617 ea
813 1581 1021 1623 adaruerit,
1043 1582 1284 1617 vestimenta
1311 1582 1487 1618 condito.

89 1637 110 1671 2
137 1636 169 1670 si
196 1635 250 1671 ita
275 1635 427 1676 feceris,
454 1635 578 1670 tiniae
604 1645 686 1671 non
719 1635 934 1670 nocebunt.
963 1637 1001 1670 et
1028 1635 1122 1670 item
1151 1635 1328 1680 ligneam
1356 1636 1487 1681 supel-

83 1688 311 1724 301ectilem
339 1698 502 1724 omnem
530 1688 561 1723 si
589 1698 758 1733 ungues,
786 1697 867 1723 non
888 1690 1081 1733 putescet,
1110 1690 1148 1723 et
1174 1698 1264 1723 cum
1293 1699 1340 1724 ea
1366 1691 1487 1724 terse-

190 1806 203 1835 1
233 1805 382 1843 adpetet
409 1804 470 1836 Ac
496 1808 648 1843 appetet
673 1805 752 1836 Pol.
780 1805 802 1836 b
823 1803 874 1844 114
903 1804 940 1836 R.
969 1803 1058 1836 C1111
1091 1804 1303 1836 Inuoluolus
1337 1806 1487 1837 conuol-

139 1852 245 1883 uolus
272 1853 309 1883 in
335 1853 437 1883 uinia
463 1860 510 1883 ne
536 1853 605 1884 siet
627 1850 632 1890 Ι
657 1851 710 1892 Cf.
738 1852 832 1883 Ρίἰη.
854 1856 903 1890 17,
918 1856 978 1883 264
1004 1849 1015 1891 ΙΙ
1043 1852 1085 1884 13
1112 1853 1243 1884 circum
1271 1856 1380 1891 caput
1406 1850 1494 1890 (sub

140 1902 250 1937 caput
265 1899 296 1930 V
316 1900 449 1931 circum
477 1902 586 1937 caput
612 1908 743 1939 apem.
760 1901 796 1931 et
814 1897 916 1938 vict.)
939 1897 944 1937 Ι
967 1899 1124 1931 brachiis
1139 1900 1235 1931 Plin.
1256 1901 1375 1938 l.s.s.,
1388 1900 1468 1931 Keil
1477 1910 1488 1935 ,-

141 1948 185 1986 cf.
212 1946 353 1978 Hauler
376 1956 413 1986 ρ.
434 1950 475 1977 22
503 1944 513 1985 ΙΙ
545 1947 587 1978 14
614 1950 783 1978 nascetur
809 1948 845 1978 et
872 1948 908 1977 in
936 1947 1106 1986 maryine
1132 1948 1281 1979 nocebit
1308 1944 1490 1984 (nascetur

140 1994 200 2025 Vc
227 1996 263 2025 et
282 1995 536 2033 superscripto
564 1989 588 2024 1⁷
612 1994 760 2026 nocebit
780 1993 812 2025 A
840 1994 988 2026 nocebit
1014 1993 1059 2025 bf
1085 1995 1234 2026 nocebit
1259 1995 1295 2025 in
1323 1995 1490 2033 maryine

142 2042 373 2081 adscriptum
395 2042 510 2080 fnisse
537 2042 739 2073 adnotavit
762 2039 864 2079 Vict.)
885 2038 896 2081 ΙΙ
918 2041 960 2072 15
987 2040 1026 2073 R.
1055 2040 1115 2072 CV
1140 2040 1241 2073 Oues
1267 2050 1314 2072 ne
1340 2041 1490 2072 scabrae

142 2089 231 2119 fiant
254 2086 258 2126 Ι
283 2088 336 2128 Cf.
359 2088 500 2120 Colum.
524 2093 550 2126 7,
565 2092 594 2126 4,
613 2093 630 2119 7
655 2090 692 2120 et
717 2088 881 2127 Geopon.
903 2091 952 2126 18,
969 2092 1007 2119 15
1027 2087 1037 2125 l}
1061 2088 1101 2119 16
1129 2090 1217 2120 add.
1243 2089 1325 2120 Keil
1347 2084 1351 2127 Ι
1374 2087 1489 2120 deier-

143 2137 232 2166 verit
258 2145 280 2166 v
300 2132 311 2174 ΙΙ
331 2135 376 2167 20
402 2135 511 2167 facito
539 2132 668 2173 (iacies
694 2135 726 2167 V
751 2136 860 2167 facito
894 2134 1043 2175 apogr.)
1063 2133 1074 2174 Η
1094 2136 1138 2167 24
1165 2135 1204 2167 R.
1233 2134 1308 2167 CVI
1333 2135 1491 2166 Amurca

143 2192 247 2214 axem
274 2183 426 2222 unguito
450 2180 455 2222 1
480 2182 533 2222 Cf.
548 2183 644 2214 Ptin.
659 2186 708 2221 15,
722 2186 763 2214 34
781 2180 792 2221 ΙΙ
813 2182 857 2214 26
884 2181 923 2214 R.
945 2181 1037 2214 CVII
1058 2182 1285 2215 Vestimenta
1312 2191 1358 2214 ne
1379 2183 1490 2214 tiniae

143 2232 295 2269 tangant
317 2226 320 2270 Ι
345 2229 399 2269 Cf.
425 2230 640 2268 Plin.15,33
670 2227 682 2269 ΙΙ
713 2229 768 2261 27.
796 2229 839 2261 28
867 2233 902 2262 et
928 2230 1084 2269 angulos
1112 2233 1146 2262 et
1173 2230 1398 2261 extrinsecus
1426 2225 1489 2271 [et]

146 2278 260 2315 pedes
283 2277 383 2314 Keil:
409 2278 454 2316 cf.
474 2277 617 2309 Hazzler
639 2287 676 2316 p.
696 2280 736 2308 23
