1618 2470
495 85 555 120 De
582 85 665 130 agri
694 85 845 120 cultura
873 95 903 120 c.
924 85 1066 121 85—94
1400 88 1455 128 45

103 202 157 229 ne
184 193 274 238 plus
300 202 405 237 aqua
426 191 501 227 sita
521 191 597 227 siet
618 192 756 227 horam
779 201 911 227 unam.
952 192 1098 227 eodem
1124 192 1246 227 modo
1274 201 1457 226 anserem

100 246 213 287 salito,
240 245 315 281 nisi
342 245 451 290 prius
479 245 572 280 dato
600 245 739 280 bibere
767 248 805 280 et
832 245 893 280 bis
919 245 959 279 in
988 245 1065 285 die,
1092 245 1153 280 bis
1182 254 1327 280 escam.

153 299 392 335 Palumbum
418 301 623 334 recentem
645 297 729 340 <sic
749 298 929 341 farcito).
972 297 1098 343 u<b>i
1120 308 1289 343 prensus
1341 297 1531 342 [LXXXX

101 353 189 394 erit,
217 352 253 388 ei
280 352 414 387 fabam
442 354 598 387 coctam
624 353 771 387 tostam
798 351 969 396 primum
998 351 1104 392 dato,
1133 360 1182 386 ex
1211 360 1279 386 ore
1306 351 1346 386 in
1375 351 1460 386 eius

106 416 152 442 os
178 406 329 445 inflato,
355 405 451 441 item
478 414 637 450 aquam.
682 404 760 440 hoc
787 405 874 440 dies
894 412 951 439 V11
979 404 1111 440 facito.
1157 406 1299 449 postea
1325 405 1459 439 fabam
1497 413 1514 438 5

100 460 250 495 *fresam
282 469 424 504 puram
459 460 498 494 et
527 459 584 493 far
617 468 760 503 purum
793 458 911 493 facito
946 460 984 493 et
1016 458 1133 493 fabae
1159 457 1274 493 tertia
1301 468 1391 502 pars
1419 460 1460 492 ut

102 513 356 553 infervescat,
382 514 467 547 tum
492 512 550 546 far
575 511 747 556 insipiat‚
772 511 920 556 puriter
939 511 1058 547 facito
1087 514 1125 546 et
1153 511 1315 556 coquito
1343 511 1459 548 bene.

101 566 147 601 id
173 565 241 601 ubi
270 565 498 605 excluseris,
526 564 684 610 depsito
718 565 834 605 bene,
862 565 954 600 oleo
982 575 1147 599 manum
1175 564 1356 609 unguito‚
1384 565 1459 609 pri-

104 630 216 654 mum
244 618 444 665 pusillum,
470 621 613 663 postea
640 617 769 663 magis
797 618 956 663 depses,
981 618 1073 654 oleo
1100 618 1255 663 tangito
1284 618 1457 662 depsito-

105 682 197 718 que,
231 673 326 708 dum
360 672 504 718 poterit
535 672 667 707 facere
699 672 903 706 turundas.
957 681 1006 706 ex
1040 681 1145 716 aqua
1178 672 1289 712 dato,
1325 681 1458 706 escam
1483 679 1515 705 ιο

105 728 342 772 temperato.

154 780 300 815 Aream
317 779 374 814 sic
387 778 519 814 facito.
543 778 677 813 locuni
694 778 761 813 ubi
776 778 899 813 facies
915 779 1133 814 confodito.
1155 780 1296 823 postea
1325 777 1529 823 [LXXXXI

106 842 269 869 amurca
296 832 553 877 conspargito
580 832 686 867 bene
713 831 916 876 sinitoque
943 832 1144 867 conbibat.
1196 834 1338 876 postea
1365 841 1458 867 con-

107 886 279 921 minuito
306 886 448 931 glebas
480 886 597 920 bene.
649 884 798 920 deinde
831 888 1056 930 coaequato
1085 887 1123 920 et
1149 885 1346 930 paviculis
1373 894 1458 920 ver-

107 941 253 975 berato.
280 942 422 984 postea
443 939 579 974 denuo
600 947 763 974 amurca
790 938 1047 983 conspargito
1070 939 1272 983 sinitoque
1294 941 1458 973 arescat.
1482 946 1514 972 15

106 994 139 1029 si
165 993 220 1028 ita
244 992 397 1033 feceris,
431 1001 564 1037 neque
596 991 787 1027 formicae
815 992 1020 1027 nocebunt
1052 1002 1186 1037 neque
1213 992 1363 1027 herbae
1391 1001 1458 1026 na-

107 1048 276 1082 scentur.

154 1099 368 1135 Frumento
390 1109 441 1134 ne
462 1101 608 1134 noceat
635 1099 812 1134 curculio
833 1109 912 1134 neu
940 1109 1073 1134 mures
1100 1101 1279 1144 tangant.
1308 1097 1529 1143 [LXXXXII

106 1155 233 1189 lutum
267 1154 317 1188 de
350 1161 512 1188 amurca
543 1152 681 1193 facito,
715 1152 921 1197 palearum
955 1152 1119 1197 paulurn
1155 1152 1311 1193 addito,
1339 1151 1459 1187 sinito

108 1209 381 1242 macerescant
412 1207 518 1241 bene
551 1208 590 1241 et
622 1205 799 1251 subigito
832 1206 954 1241 bene:
991 1215 1039 1241 eo
1076 1205 1305 1250 granarium
1330 1207 1457 1241 totum
1479 1212 1514 1239 20

106 1260 275 1296 oblinito
297 1269 431 1295 crasso
452 1259 546 1295 luto.
580 1261 722 1304 postea
743 1259 1001 1304 conspargito
1023 1268 1186 1294 amurca
1207 1268 1328 1294 omne
1350 1259 1458 1303 quod

105 1313 307 1349 lutaveris.
353 1312 420 1348 ubi
447 1312 603 1352 aruerit,
631 1321 680 1347 eo
706 1312 947 1347 frumentum
975 1312 1250 1357 refrigeratum
1278 1312 1457 1347 condito:

104 1366 284 1402 vcurculio
312 1375 393 1401 non
420 1365 592 1401 nocebit.

156 1418 256 1456 Olea
288 1419 321 1454 si
351 1419 520 1455 fructum
547 1429 628 1455 non
661 1420 769 1461 feret,
797 1420 1051 1464 ablaqueato.
1096 1421 1239 1464 postea
1291 1418 1529 1463 [LXXXXHI

107 1476 323 1508 stramenta
350 1472 652 1517 circumponito.
703 1475 846 1518 postea
881 1482 1086 1507 amurcam
1115 1482 1205 1508 cum
1233 1482 1337 1517 aqua
1365 1481 1457 1507 con-
1480 1480 1513 1506 25

109 1526 276 1562 misceto
309 1535 460 1571 aequas
492 1528 636 1570 partes.
696 1526 845 1561 deinde
878 1526 929 1561 ad
968 1525 1101 1561 oleam
1141 1525 1457 1561 circumfundito.

106 1580 160 1615 ad
185 1580 368 1615 arborem
389 1589 620 1614 maxumam
641 1589 781 1614 urnam
806 1579 998 1614 conmixti
1020 1581 1080 1614 sat
1102 1581 1177 1614 est:
1206 1580 1256 1614 ad
1284 1579 1458 1614 minores

108 1633 272 1668 arbores
296 1642 367 1678 pro
394 1632 548 1668 ratione
575 1632 713 1668 indito.
759 1635 798 1668 et
823 1632 932 1668 idem
953 1633 1031 1668 hoc
1058 1632 1089 1668 si
1116 1632 1240 1668 facies
1267 1633 1318 1667 ad
1345 1633 1459 1668 arbo-

109 1695 171 1721 res
196 1686 359 1727 feraces,
387 1695 461 1721 eae
494 1695 656 1731 quoque
688 1686 876 1721 meliores
908 1686 1016 1721 fient.
1068 1686 1118 1720 ad
1146 1696 1215 1721 eas
1242 1688 1457 1726 stramenta

109 1748 160 1774 ne
187 1738 402 1774 addideris.
1478 1747 1513 1773 30

156 1792 237 1827 Fici
257 1792 312 1827 uti
333 1802 496 1837 grossos
516 1794 691 1833 teneant,
712 1792 830 1828 facito
852 1792 989 1828 omnia
1016 1802 1096 1837 quo
1121 1793 1243 1828 modo
1272 1791 1529 1838 [LXXXXllll

157 1902 177 1933 3
205 1901 244 1933 R.
271 1901 524 1934 Lxxxxvnu
556 1902 770 1934 Palumbum
798 1908 980 1934 recentem
1007 1904 1060 1934 sic
1086 1903 1211 1934 farcito
1253 1901 1257 1941 Ι
1299 1904 1387 1934 aclcl.
1415 1911 1457 1934 ex

109 1950 261 1981 rubrica
287 1958 310 1980 v
333 1946 338 1989 Ι
360 1950 423 1981 ubi
449 1950 530 1982 Keil
555 1951 590 1981 ui
622 1947 633 1990 ΙΙ
666 1950 685 1981 7
713 1954 786 1981 tum
814 1950 866 1981 far
891 1948 988 1988 (cum
1016 1950 1068 1981 iar
1087 1949 1119 1982 V
1145 1953 1218 1981 turn
1247 1950 1298 1981 far
1324 1959 1456 1990 (φορμ

108 1998 146 2028 et
174 1995 276 2035 Vict.)
319 1993 330 2035 ΙΙ
373 1996 394 2028 8
420 1998 612 2029 excluserit
638 1997 670 2029 Α
696 1998 777 2030 Keil
815 1996 819 2036 1
861 1997 1005 2035 depsito
1033 1994 1227 2036 (deponito
1254 1997 1286 2030 V
1312 1998 1456 2036 depsito

108 2053 241 2084 apogr,
256 2046 293 2076 et
310 2041 412 2083 Vict.)
431 2041 443 2083 ΙΙ
462 2044 483 2076 9
498 2045 628 2083 depset
642 2045 722 2076 Keil
742 2043 831 2085 (pro
851 2043 1001 2084 depses)
1022 2041 1033 2084 ΙΙ
1055 2044 1098 2076 10
1117 2047 1251 2083 poteris
1265 2052 1302 2081 v,
1325 2045 1432 2076 Pont.
1451 2046 1453 2085 1

108 2091 195 2122 dato
228 2100 349 2123 escam
382 2094 582 2130 temperato
619 2090 700 2131 (des
735 2101 856 2125 escam
892 2095 1128 2130 temperatam
1155 2093 1187 2124 V
1213 2093 1298 2124 dato
1334 2101 1455 2124 escam

108 2141 310 2177 temperato
336 2138 484 2179 apoy-r.)
503 2136 514 2178 11
537 2140 578 2171 12
605 2139 644 2172 R.
673 2139 699 2171 C
724 2139 855 2171 Aream
882 2140 936 2171 sic
962 2139 1071 2171 facito
1094 2138 1098 2177 Ι
1123 2139 1176 2179 Cf.
1205 2150 1233 2172 c.
1256 2144 1334 2177 129,·
1361 2139 1455 2171 Plin.

111 2189 160 2224 15,
173 2189 234 2224 33,·
261 2189 309 2225 18,
323 2190 385 2217 295
427 2183 438 2225 ΙΙ
485 2186 526 2217 18
552 2186 592 2219 R.
617 2186 659 2218 CI
690 2187 883 2219 Frumento
911 2195 957 2218 ne
984 2187 1142 2219 curculio
1170 2191 1302 2219 noceat
1348 2184 1352 2226 Ι
1402 2187 1455 2226 Cf.

108 2242 139 2264 c.
155 2236 214 2264 128
256 2232 266 2272 ΙΙ
310 2233 355 2265 24
381 2233 421 2265 R.
449 2232 506 2265 CII
533 2233 625 2266 Olea
650 2234 680 2266 si
706 2234 856 2266 fructum
891 2243 965 2265 non
993 2234 1058 2266 tert
1098 2233 1102 2273 Ι
1144 2234 1198 2274 Cf.
1225 2245 1254 2267 c.
1274 2238 1334 2272 36,·
1361 2235 1454 2265 Plin.

110 2284 256 2319 17,263,·
283 2280 424 2313 Colum.
441 2285 589 2318 11,2,29
625 2279 636 2320 Η
674 2281 718 2312 29
745 2291 812 2313 eae
839 2291 970 2322 αροῃν.
998 2284 1035 2313 et
1052 2281 1137 2314 Vict.
1159 2282 1275 2314 haeV
1306 2279 1317 2321 ΙΙ
1350 2281 1390 2314 31
1416 2281 1454 2312 R.

107 2326 186 2358 (3111
211 2327 285 2359 Fici
312 2329 361 2356 uti
387 2337 536 2367 grossos
563 2331 711 2360 teneant
734 2328 737 2366 Ι
763 2329 816 2368 Cf.
837 2330 931 2361 ΡΙίη.
950 2333 1066 2366 17,263

183 2387 265 2416 Cato
288 2389 336 2414 De
358 2389 428 2421 agri
450 2389 580 2416 cultura
601 2389 652 2416 ed.
675 2389 804 2417 Goetz
1198 2386 1220 2419 5
