1618 2470
465 106 525 141 De
552 106 636 150 agri
663 105 815 140 cultura
843 114 874 139 c.
902 104 1083 139 147—151
1399 107 1455 147 63

104 213 261 260 pigneri
293 215 423 248 sunto.
474 211 604 257 siquid
638 212 689 246 de
715 211 762 246 iis
789 211 907 246 rebus
944 209 1243 245 controversiae
1271 209 1352 250 erit,
1381 209 1456 245 Ro-

107 277 198 303 mae
225 266 417 303 iudicium
443 266 522 301 fiat.

150 320 337 357 Fructum
364 319 501 355 ovium
534 319 609 354 hac
642 319 734 363 lege
769 317 908 352 venire
946 318 1114 362 oportet.
1166 316 1205 351 in
1244 315 1424 360 singulas
1452 313 1529 360 [CL

106 373 214 410 casei
240 381 274 409 P.
302 381 313 408 1
341 379 362 408 S
401 372 612 408 dimidium
651 372 817 412 aridum,
845 371 948 406 lacte
985 370 1092 405 feriis
1131 370 1240 414 quod
1279 368 1457 404 mulserit

106 427 318 463 dimidium
353 428 391 462 et
423 428 631 471 praeterea
662 425 775 460 lactis
809 434 947 460 urnam
975 433 1114 459 unam:
1147 422 1259 458 hisce
1285 422 1456 467 legibus,
1494 429 1511 455 5

106 490 237 527 agnus
264 479 371 515 diem
400 483 438 516 et
464 481 625 515 noctem
653 477 719 523 qui
747 477 889 513 vixerit
916 478 955 513 in
982 478 1168 512 fructum:
1197 479 1236 511 et
1263 475 1346 510 Kal.
1374 474 1457 510 Iun.

107 535 262 579 emptor
287 534 413 569 fructu
441 533 629 573 decedat;
656 532 688 567 si
716 531 996 567 interkalatum
1018 530 1100 571 erit,
1123 530 1166 565 K.
1188 529 1300 565 Mais.
1328 538 1457 574 agnos
1484 536 1504 562 „¹

105 595 195 622 XXX
222 597 274 622 ne
307 586 478 632 amplius
504 585 716 630 promittat.
768 594 868 620 oves
901 594 1006 629 quae
1039 593 1120 619 non
1149 582 1375 628 pepererint
1401 583 1458 617 bi-

105 650 182 676 nae
209 650 280 686 pro
307 639 476 685 singulis
503 639 543 674 in
574 639 699 674 fructu
733 639 889 674 cedent.
941 636 969 682 †
997 637 1062 672 die
1096 637 1230 672 lanam
1265 639 1303 671 et
1329 645 1459 681 agnos

105 695 257 730 vendat
288 702 449 729 menses
474 700 503 727 X
536 693 586 727 ab
620 695 806 728 coactore
834 692 999 736 releget.
1050 699 1194 736 porcos
1222 689 1392 725 serarios
1419 689 1457 724 in
1482 696 1514 723 10

105 757 206 783 oves
233 748 359 783 denas
379 746 562 791 singulos
582 749 732 791 pascat.
772 745 993 781 conductor
1013 745 1116 779 duos
1137 753 1299 779 menses
1325 745 1459 788 pastoae

106 810 190 836 rem
205 801 408 846 praebeat.
433 801 565 835 donec
585 798 751 834 domino
773 798 1008 834 satisfecerit
1029 800 1097 832 aut
1111 797 1285 838 solverit,
1301 797 1458 841 pignori

111 857 210 890 esto.

156 907 304 943 Semen
326 907 503 952 cupressi
525 917 604 951 quo
626 907 749 942 modo
771 906 851 951 legi
876 905 953 941 seri
974 904 1270 949 propagarique
1294 913 1411 948 opor·
1440 902 1532 948 [CLI

107 963 189 997 teat
217 963 255 996 et
281 969 361 1006 quo
389 962 507 1005 pacto
535 962 766 1005 cupresseta
793 959 869 995 seri
897 960 1090 1004 oporteat,
1118 957 1265 993 Minius
1292 957 1460 992 Percen-
1483 965 1516 991 15

110 1014 200 1049 nius
222 1013 403 1050 Nolanus
431 1015 481 1048 ad
508 1014 615 1049 hunc
642 1014 808 1049 modum
829 1011 1075 1048 monstravit.
1115 1021 1256 1047 semen
1284 1010 1460 1055 cupressi
1488 1011 1510 1044 2

109 1067 349 1103 Tarentinae
384 1076 454 1112 per
480 1076 550 1102 ver
575 1066 656 1112 legi
692 1068 865 1111 oportet;
902 1065 1122 1105 materiem,
1160 1064 1228 1100 ubi
1264 1064 1461 1100 hordeum

108 1120 302 1156 flavescit.
341 1121 382 1156 id
408 1121 476 1156 ubi
502 1120 661 1166 legeris,
682 1120 722 1155 in
749 1120 835 1155 sole
858 1119 1009 1164 ponito,
1031 1128 1172 1154 semen
1199 1119 1382 1163 purgato.
1422 1117 1462 1151 id

109 1174 267 1210 aridum
294 1174 469 1216 condito,
497 1174 552 1209 uti
580 1174 734 1209 aridum
768 1175 980 1218 expostum
1014 1172 1100 1207 siet.
1150 1180 1221 1216 per
1246 1180 1316 1206 ver
1342 1170 1462 1206 serito

111 1228 151 1263 in
178 1227 268 1263 loco
296 1227 364 1264 ubi
391 1230 493 1263 terra
518 1227 732 1263 tenerrima
759 1226 846 1267 erit,
874 1236 995 1271 quam
1022 1225 1173 1270 pullam
1200 1226 1365 1265 vocant,
1392 1223 1460 1259 ubi
1481 1231 1516 1259 20

110 1291 216 1327 aqua
251 1284 412 1326 propter
445 1281 532 1316 siet.
590 1290 682 1316 eum
718 1280 851 1315 locum
889 1282 1107 1315 stercorato
1146 1278 1318 1323 primum
1357 1277 1462 1313 bene

110 1340 285 1371 stercore
312 1334 475 1379 caprino
496 1337 563 1369 aut
590 1333 725 1374 ovillo,
745 1336 828 1368 turn
850 1333 995 1369 vortito
1016 1331 1178 1377 bipalio,
1199 1335 1343 1366 terram
1372 1340 1461 1366 cum

111 1390 286 1424 stercore
312 1388 418 1423 bene
444 1388 696 1433 permisceto‚
718 1387 941 1431 depurgato
969 1386 1018 1421 ab
1046 1386 1170 1420 herba
1196 1384 1462 1430 graminibus-

111 1451 202 1487 que,
229 1441 335 1477 bene
355 1443 499 1476 terram
521 1440 782 1476 conminuito.
810 1449 924 1475 areas
944 1439 1065 1475 facito
1085 1439 1213 1483 pedes
1240 1438 1341 1473 latas
1367 1447 1463 1482 qua-
1488 1437 1512 1473 3

110 1498 263 1530 ternos:
289 1494 489 1530 subcavas
515 1494 646 1535 facito,
673 1493 729 1529 uti
755 1503 902 1538 aquarn
930 1492 1137 1528 continere
1163 1491 1335 1536 possint:
1363 1491 1464 1526 inter
1484 1499 1519 1525 25

112 1557 181 1583 eas
207 1547 342 1583 sulcos
367 1547 499 1588 facito,
526 1557 604 1592 qua
631 1547 776 1583 herbas
803 1547 854 1582 de
881 1546 984 1581 areis
1010 1554 1182 1591 purgare
1208 1544 1351 1589 possis.
1396 1544 1462 1579 ubi

111 1610 231 1636 areae
256 1600 385 1636 iactae
407 1602 531 1641 erunt,
552 1609 693 1636 semen
714 1600 834 1636 serito
862 1600 1056 1640 crebrum,
1077 1599 1131 1634 ita
1157 1598 1213 1633 uti
1240 1598 1366 1633 linum
1388 1597 1462 1633 seri

111 1654 226 1690 solet.
278 1663 327 1689 eo
355 1653 482 1689 cribro
508 1656 652 1689 terram
679 1653 886 1694 incernito‚
910 1652 1164 1688 dimidiatum
1192 1651 1363 1697 digitum
1390 1653 1464 1686 ter-

112 1717 195 1743 ram
232 1707 353 1743 altam
386 1707 623 1743 succernito.
675 1706 714 1741 id
750 1707 856 1742 bene
891 1706 1027 1741 tabula
1066 1708 1134 1740 aut
1172 1704 1358 1740 manibus
1398 1708 1465 1740 aut

159 1829 180 1861 3
219 1829 258 1862 R.
288 1828 439 1861 CLV1111
477 1829 625 1861 Fructus
665 1830 788 1860 ouium
829 1837 901 1868 qua
940 1829 1022 1868 lege
1060 1830 1196 1859 ueneat
1234 1823 1403 1867 (uenierit
1436 1825 1465 1857 V

113 1879 248 1909 ueneat
274 1886 406 1917 apoqr.
428 1879 465 1909 et
488 1875 590 1916 Vict.)
611 1874 663 1916 114
690 1877 816 1915 pondo
844 1881 878 1907 ·1·
904 1879 936 1907 S.
965 1875 1154 1907 dimidium
1181 1883 1205 1906 v
1232 1883 1266 1912 p.
1293 1874 1334 1905 is.
1362 1874 1466 1905 dimi-

113 1925 212 1956 dium
233 1920 245 1964 ΙΙ
264 1924 285 1955 9
311 1926 546 1964 corruptelae
571 1925 720 1964 siynum
742 1924 831 1956 add.
845 1923 925 1955 Keil
955 1919 1015 1962 (ex
1038 1931 1111 1961 quo
1133 1922 1193 1954 die
1212 1919 1431 1960 Mommsen)
1456 1915 1469 1961 ΙΙ

116 1971 159 2003 10
185 1971 333 2011 deleget
354 1971 504 2003 Gronov
533 1969 544 2011 ΙΙ
578 1972 631 2003 14.
652 1971 693 2003 15
721 1970 759 2002 R.
783 1969 870 2002 CLX
899 1970 1119 2009 Cupressum
1141 1969 1329 2008 quomodo
1356 1977 1467 2001 seras.

113 2027 242 2052 semen
270 2020 432 2058 cupressi
457 2017 509 2058 fffi
535 2019 608 2059 legi
634 2019 706 2051 seri
728 2019 998 2058 propagarique
1019 2020 1202 2056 oporteat:
1231 2017 1328 2049 unde
1355 2016 1468 2048 verba

116 2066 251 2099 Semen
283 2067 446 2105 cupressi
482 2067 631 2106 quando
667 2066 740 2106 legi
776 2067 845 2098 seri
882 2066 1153 2105 propagarique
1189 2066 1357 2102 oporteat
1379 2064 1471 2103 post

116 2115 302 2146 rubricam
329 2115 470 2146 omissa
497 2115 533 2145 in
561 2115 670 2146 initio
697 2114 834 2153 capitis
863 2113 995 2153 posuit
1024 2112 1111 2144 Vict.
1139 2108 1229 2151 (quo
1257 2111 1368 2143 modo
1395 2110 1468 2149 legi

116 2160 150 2192 A
169 2163 207 2193 et
225 2160 273 2200 m)
298 2158 302 2201 Ι
327 2161 380 2201 Cf·
408 2171 437 2193 c.
457 2164 518 2199 48,·
544 2161 639 2193 ΡΙίη.
662 2165 711 2199 16,
727 2164 797 2192 139.
820 2164 876 2192 141
904 2158 915 2199 ΙΙ
945 2159 986 2191 15
1013 2159 1148 2190 Minius
1175 2160 1326 2191 tutatur
1349 2158 1470 2190 Vetter

120 2204 249 2241 ‘Wiem
269 2204 390 2241 Stzzd.'
419 2208 531 2240 XXIX
551 2218 589 2248 ρ.
609 2212 672 2240 326
684 2217 764 2248 sqq.
796 2207 942 2239 Manius
970 2207 1068 2245 Vici„
1095 2207 1175 2238 Keil
1209 2204 1214 2241 Ι
1250 2205 1468 2245 percennius

116 2264 248 2295 apoyr.
266 2257 303 2288 et
320 2256 406 2288 vict.
434 2257 627 2294 parcenius
648 2256 726 2288 Pol.
748 2253 976 2294 (parthenius
991 2252 1030 2293 v)
1051 2250 1062 2295 Η
1081 2253 1126 2285 20
1148 2253 1204 2293 Cf.
1223 2253 1319 2285 Plin.
1335 2257 1384 2292 17,
1397 2255 1441 2283 36
1457 2247 1469 2292 ΙΙ

115 2303 160 2334 25
187 2303 238 2335 uti
264 2312 395 2342 aquarn
424 2312 555 2343 apogr.
581 2305 617 2334 et
640 2303 725 2334 Vict.
753 2304 803 2334 uti
831 2310 946 2334 cauae
973 2310 1104 2340 aquam
1131 2301 1163 2333 V
1189 2298 1200 2341 ΙΙ
1226 2301 1270 2332 27
1299 2300 1354 2340 Cf.
1375 2299 1468 2333 Gell.

114 2354 144 2388 3,
166 2354 216 2389 14,
238 2354 277 2381 17

1207 2403 1258 2438 6*
