1618 2470
105 59 161 98 48
702 50 862 86 Catonis

105 160 192 195 dies
220 166 258 194 x.
298 159 375 194 hoc
402 159 540 193 vinum
563 158 721 193 durabit
742 157 811 192 tibi
834 166 963 202 usque
984 158 1034 192 ad
1062 157 1286 192 solstitium.
1325 156 1458 202 siquid

105 212 342 258 superfuerit
375 214 465 257 post
498 211 724 251 solstitium,
756 213 913 245 acetum
947 210 1184 245 acerrimum
1213 213 1251 245 et
1277 210 1460 255 pulcher-

105 266 249 300 rimum
277 265 358 301 erit.

36 318 115 364 CV]
168 318 245 358 Qui
272 328 369 363 ager
401 318 524 362 longe
551 328 573 352 a
601 318 697 352 mari
731 317 874 357 aberit,
911 317 965 352 ibi
1002 317 1139 352 vinum
1169 316 1366 352 Graecum
1403 317 1460 352 sic

69 383 86 407 5
106 372 237 408 facito.
290 371 408 406 musti
435 377 475 408 Q.
497 378 556 404 ΧΧ
583 371 623 406 in
657 371 859 406 aheneum
893 372 961 405 aut
987 370 1223 415 plumbeum
1250 369 1460 410 infundito,

107 426 244 471 ignem
271 424 443 460 subdito.
489 424 556 459 ubi
583 424 751 459 bullabit
778 423 929 464 vinum,
958 423 1094 469 ignem
1122 423 1347 459 subducito.
1393 423 1461 458 ubi

108 479 147 513 id
180 478 318 513 vinum
352 477 559 518 refrixerit,
587 477 628 512 in
661 477 813 512 dolium
848 476 1211 522 quadragenarium
1251 476 1461 512 infundito.

108 565 288 592 seorsum
316 555 355 590 in
376 564 448 589 vas
475 564 605 599 aquae
628 554 754 589 dulcis
776 560 816 592 Q.
839 562 848 588 1
875 553 1083 593 infundito,
1106 552 1199 588 salis
1228 538 1259 591 131
1288 561 1311 594 1,
1342 553 1461 589 sinito

59 610 82 645 2
109 609 276 644 muriam
303 608 399 643 fieri.
444 607 510 642 ubi
540 607 666 642 muria
685 607 789 642 facta
817 607 898 647 erit,
921 607 1068 642 eodem
1090 606 1129 640 in
1155 606 1306 641 dolium
1334 606 1462 641 iniun-

55 671 90 698 10
109 663 203 698 dito.
230 662 449 697 schoenum
473 663 512 696 et
533 661 732 696 calamum
754 661 793 695 in
813 660 894 705 pila
916 659 1163 700 contundito‚
1185 660 1294 704 quod
1308 658 1462 704 (satis)

109 716 195 756 siet,
221 714 437 750 sextarium
470 724 594 749 unum
630 714 776 749 eodem
804 714 844 749 in
877 713 1030 749 dolium
1057 713 1268 753 infundito,
1296 714 1337 747 ut
1365 713 1464 748 odo-

110 771 236 804 ratum
263 768 348 804 siet.
394 770 483 813 post
511 768 598 803 dies
625 775 715 801 XXX
740 767 892 811 dolium
920 766 1100 802 oblinito.
1146 766 1197 801 ad
1224 776 1294 801 ver
1322 766 1464 801 diffun-

110 823 192 858 dIto
219 822 258 857 in
292 821 518 866 amphoras.
571 820 777 856 biennium
811 820 851 855 in
884 821 972 856 sole
1005 819 1123 855 sinito
1156 819 1331 864 positum
1361 829 1463 854 esse.

111 875 259 911 deinde
292 874 330 909 in
363 876 512 910 tectum
548 874 738 909 conferto.
790 874 867 909 hoc
899 873 1038 908 vinum
1073 872 1247 908 deterius
1283 882 1363 908 non
1392 872 1464 907 erit

57 938 90 964 15
111 938 230 973 quam
259 926 399 963 Coum.

40 981 135 1026 CVI]
187 981 330 1026 Aquae
363 981 541 1015 marinae
569 980 867 1024 (concinnatio.
912 989 1042 1025 aquae
1076 977 1282 1021 marinae>
1314 985 1386 1016 Q.1
1415 988 1464 1013 ex

112 1036 190 1071 alto
212 1034 369 1075 sumito,
398 1044 477 1079 quo
505 1043 609 1078 aqua
634 1033 762 1069 dulcis
783 1043 862 1069 non
886 1033 1052 1068 accedit.
1098 1031 1377 1077 sesquilibram
1404 1041 1465 1066 sa-

113 1090 158 1124 lis
177 1088 322 1133 frigito,
345 1088 491 1123 eodem
514 1087 640 1122 indito
663 1089 701 1121 et
722 1087 822 1121 rude
849 1086 1017 1121 misceto
1038 1095 1167 1130 usque
1191 1085 1306 1126 adeo,
1335 1085 1465 1120 donec

113 1152 233 1177 ovum
254 1141 525 1187 gallinaceum
548 1142 705 1175 coctum
727 1139 890 1181 natabit,
913 1139 1087 1175 desinito
1109 1138 1288 1174 miscere.
1320 1138 1465 1173 eodem

57 1204 92 1230 20
114 1195 194 1230 vini
209 1194 356 1230 veteris
371 1195 436 1229 vel
452 1193 631 1229 Aminnii
646 1193 711 1228 vel
734 1192 900 1228 miscelli
918 1193 997 1228 albi
1019 1191 1189 1237 congios
1210 1199 1236 1225 ΙΙ
1257 1191 1466 1231 infundito‚

114 1249 280 1284 misceto
314 1248 450 1292 probe.
502 1249 644 1292 postea
677 1246 715 1280 in
749 1256 822 1281 vas
854 1246 1029 1291 picatum
1065 1244 1298 1280 confundito
1332 1246 1370 1279 et
1397 1245 1467 1279 ob-

114 1302 236 1337 linito.
288 1301 419 1346 siquid
453 1301 542 1345 plus
573 1300 689 1335 voles
723 1309 852 1344 aquae
890 1299 1067 1334 marinae
1101 1297 1359 1339 concinnare,
1397 1307 1467 1343 pro

115 1355 297 1401 portione
325 1364 372 1389 ea
400 1354 535 1389 omnia
562 1353 694 1389 facito.

42 1408 154 1453 CVII]
220 1407 309 1448 Quo
337 1408 446 1443 labra
475 1406 673 1442 doliorum
703 1405 966 1446 circumfluas,
994 1408 1035 1439 ut
1063 1406 1168 1440 bene
1196 1406 1362 1440 odorata
1390 1404 1468 1439 sint

59 1471 94 1497 25
116 1466 153 1497 et
180 1461 329 1506 nequid
358 1461 427 1495 viti
456 1461 494 1495 in
522 1460 660 1494 vinum
696 1459 873 1494 accedat.
925 1468 1049 1503 sapae
1083 1458 1251 1503 congios
1277 1465 1319 1492 VI
1348 1467 1467 1502 quam

114 1515 291 1560 optimae
331 1514 528 1549 infundito
569 1513 607 1547 in
648 1513 849 1547 aheneum
889 1513 956 1546 aut
989 1511 1028 1546 in
1063 1511 1296 1556 plumbeum
1331 1514 1369 1545 et
1403 1510 1469 1545 iris

115 1569 250 1603 aridae
277 1570 471 1603 contusae
496 1566 701 1601 heminam
724 1567 761 1600 et
789 1567 934 1600 sertam
957 1563 1243 1609 Campanicam
1265 1572 1298 1599 P.
1314 1571 1342 1598 V
1363 1564 1469 1599 bene

115 1622 322 1657 odoratam
357 1630 437 1655 una
470 1629 560 1655 cum
594 1619 638 1654 iri
673 1619 898 1654 contundas
932 1628 1051 1663 quam
1086 1618 1363 1656 minutissime,
1400 1627 1470 1662 per

61 1684 95 1710 29
117 1675 284 1710 cribrum
313 1683 453 1709 cernas
481 1676 519 1708 et
546 1683 625 1708 una
653 1682 743 1707 curn
777 1681 875 1716 sapa
909 1681 1058 1716 coquas
1085 1671 1296 1706 sarmentis
1325 1672 1362 1706 et
1389 1671 1469 1705 levi

66 1730 88 1764 2
117 1729 287 1763 flamma.
329 1730 586 1770 conmoveto,
606 1725 744 1761 videto
765 1735 817 1760 ne
838 1726 993 1760 aduras.
1029 1734 1156 1769 usque
1179 1724 1351 1769 coquito,
1374 1724 1469 1759 dum

166 1869 231 1901 1.2
260 1868 453 1899 solstitium
481 1867 542 1898 Vb
571 1869 607 1898 et
633 1867 665 1898 A
689 1868 816 1906 pm'ore
842 1868 923 1897 loeo
956 1866 1154 1897 solsticium
1184 1865 1223 1896 cf
1262 1865 1467 1896 solistitium

116 1917 196 1947 eod.
225 1918 319 1947 teste
350 1914 435 1946 vict.
463 1912 516 1952 (et
541 1914 573 1945 Α
597 1915 807 1954 posteriore
833 1911 930 1951 loeo)
951 1911 1001 1952 114
1029 1913 1067 1944 R.
1091 1912 1212 1944 CXIIII
1239 1911 1309 1948 Qui
1337 1920 1423 1951 ager
1450 1921 1471 1942 a

117 1965 202 1994 mari
232 1964 346 1994 aberit
373 1963 421 1993 ibi
451 1963 574 1993 uinum
603 1970 771 2001 graecum
800 1962 852 1992 sic
880 1961 987 1992 iacito
1023 1959 1027 1998 1
1064 1960 1117 1999 Cf.
1146 1970 1173 1992 c.
1194 1964 1234 1990 24
1267 1957 1277 1999 ΙΙ
1312 1959 1353 1990 10
1380 1960 1469 1990 add.

117 2011 195 2042 Keil
226 2010 236 2048 ll
273 2010 310 2041 11
340 2010 529 2041 odoratum
558 2009 600 2040 fv
628 2009 815 2040 oderatum
848 2005 858 2047 Η
893 2008 935 2039 16
962 2008 1001 2039 R.
1029 2006 1122 2039 CXV
1149 2006 1280 2046 Aquae
1307 2007 1469 2038 marinae

116 2058 350 2089 concinnatio
374 2055 378 2094 Ι
402 2058 638 2088 concinnatio
666 2064 708 2087 ex
729 2057 828 2087 rubr.
854 2057 890 2086 et
916 2063 1034 2094 aquae
1063 2056 1223 2087 marinae
1249 2055 1338 2086 add.
1359 2053 1440 2085 Keil
1463 2051 1466 2091 l,

117 2115 151 2144 q.
177 2104 190 2136 Ι
216 2107 251 2136 et
278 2106 313 2136 in
345 2105 514 2143 maryine
540 2099 600 2135 al’.
630 2103 920 2141 quadrantariam
954 2100 964 2141 ΙΙ
999 2102 1041 2133 19
1067 2102 1307 2141 gallinaceum
1335 2110 1470 2140 apoyr.

116 2152 273 2191 gallinae
294 2151 325 2183 V
345 2149 355 2190 ΙΙ
376 2151 418 2182 22
445 2151 565 2190 siquid
586 2151 693 2182 Pont.
715 2151 830 2189 siquis
850 2148 968 2189 (quod
992 2152 1141 2181 mtatnr
1160 2149 1302 2180 Hauler
1324 2158 1361 2187 ρ.
1382 2146 1440 2186 23)

117 2200 161 2231 23
188 2208 231 2230 ea
258 2200 381 2230 omnia
407 2207 537 2238 apoqr.
565 2200 688 2229 omnia
714 2206 758 2229 ea
784 2197 815 2229 V
847 2194 857 2236 ΙΙ
889 2197 933 2228 24
961 2196 999 2228 R.
1029 2195 1137 2228 CXVI
1165 2195 1246 2232 Quo
1274 2196 1378 2226 labra
1405 2196 1471 2226 do-

117 2247 242 2278 liorum
271 2246 498 2278 circumlinas
520 2248 556 2276 ut
579 2247 673 2277 bene
693 2245 844 2276 odorata
864 2246 935 2276 sint
955 2241 965 2282 ΙΙ
986 2244 1029 2275 25
1057 2246 1184 2283 cogios
1205 2243 1283 2274 Pol.
1316 2244 1473 2282 congios

117 2303 248 2333 (moytz
269 2290 279 2332 Η
300 2292 343 2324 29
370 2293 441 2324 leni
469 2293 569 2329 Keil;
595 2295 649 2331 ef.
678 2292 818 2323 Harum*
843 2302 879 2330 J).
901 2296 938 2322 2]
