1618 2470
122 66 176 111 52
715 65 876 102 CatoniS

122 174 191 214 les,
219 174 275 209 sic
303 173 478 209 condito.
530 173 649 208 musti
682 173 918 208 tantundem
952 174 1107 214 addito,
1135 177 1328 218 quantum
1356 173 1472 209 aceti.

122 229 255 262 cetera
282 227 377 262 item
405 227 567 262 condito
595 226 660 267 ita,
688 226 743 261 uti
770 236 890 271 supra
916 226 1106 271 scriptum
1133 229 1203 262 est.

52 278 184 325 CXIX]
260 280 464 325 Epityrum
498 280 633 316 album
673 279 831 325 nigrum
869 279 1106 324 variumque
1144 280 1200 315 sic
1238 280 1369 315 facito.
1422 290 1472 315 ex

122 333 222 369 oleis
254 333 356 368 albis
387 333 512 378 nigris
543 333 746 378 variisque
784 333 980 368 nuculeos
1019 333 1149 369 eicito.
1200 333 1257 368 sic
1296 333 1473 369 condito.

85 396 102 421 5
122 387 324 423 concidito
357 387 476 432 ipsas,
510 386 648 422 addito
675 386 828 427 oleum,
856 388 1027 427 acetum,
1054 386 1320 427 coriandrum,
1349 387 1472 422 cumi-

122 450 229 481 num,
250 440 480 481 feniculum,
502 442 641 481 rutam,
662 442 851 475 mentam.
879 439 919 475 in
940 439 1117 475 orculam
1140 439 1314 480 condito,
1336 440 1471 475 oleum

123 503 243 538 supra
270 493 356 528 siet.
407 493 461 528 ita
487 491 647 538 utito[r].

53 545 166 591 CXX]
243 547 418 582 Mustum
446 547 477 582 si
505 547 619 582 voles
645 549 773 582 totum
801 556 950 582 annum
978 547 1139 587 habere,
1170 546 1209 581 in
1237 545 1473 591 amphoram

123 602 298 635 mustum
325 599 451 635 indito
481 602 519 635 et
540 600 729 635 corticem
751 600 951 645 oppicato‚
974 599 1172 635 demittito
1200 600 1240 634 in
1264 598 1472 644 piscinam.

70 661 104 688 10
123 656 214 698 post
242 653 328 688 dies
355 660 446 687 ΧΧΧ
474 653 650 689 eximito.
701 655 829 689 totum
857 663 1007 688 annum
1034 656 1210 688 mustum
1238 653 1320 688 erit.

53 705 185 751 CXXI]
238 707 468 742 Mustaceos
495 707 551 742 sic
577 707 708 742 facito.
741 706 892 741 farinae
912 706 1124 751 siligineae
1146 706 1327 742 modium
1348 716 1473 741 unum

124 762 255 795 musto
289 760 558 805 conspargito.
610 770 796 800 anesum,
825 760 1046 801 cuminum,
1080 759 1211 804 adipis
1237 767 1271 794 P.
1293 767 1338 800 11,
1367 759 1475 795 casei

125 814 282 854 libram,
311 816 349 849 et
383 814 433 848 de
465 814 579 858 virga
612 813 711 848 lauri
745 813 943 854 deradito,
973 813 1118 848 eodem
1151 813 1306 853 addito,
1335 815 1373 848 et
1406 812 1475 848 ubi

125 867 351 908 definxeris,
380 867 478 902 lauri
505 867 600 902 folia
627 867 767 902 subtus
794 866 943 907 addito,
972 876 1062 901 cum
1091 875 1252 911 coques.

55 918 203 965 CXXII]
268 919 415 955 Vinum
444 920 697 961 concinnare,
725 920 757 955 si
784 919 924 955 lotium
952 919 1152 954 difficilius
1172 919 1365 954 transibit.
1411 928 1478 954 caa

73 981 105 1008 16
125 973 306 1018 preidam
333 973 399 1008 vel
425 973 648 1020 iunipirum·
669 973 905 1009 contundito
933 973 973 1008 in
993 973 1085 1018 pila,
1107 972 1247 1008 libram
1274 972 1413 1013 indito,
1434 972 1475 1007 in

125 1027 284 1062 duobus
312 1026 469 1071 congiis
489 1026 572 1061 vini
593 1026 742 1062 veteris
769 1026 808 1061 in
828 1035 927 1061 vase
955 1026 1113 1061 aheneo
1134 1025 1200 1061 vel
1221 1025 1260 1061 in
1282 1025 1477 1070 plumbeo

125 1079 421 1115 defervefacito.
473 1080 541 1115 ubi
568 1080 776 1121 refrixerit,
804 1079 843 1114 in
880 1079 1069 1124 lagonam
1098 1078 1235 1114 indito.
1288 1079 1327 1113 id
1355 1088 1479 1114 mane

126 1133 284 1168 ieiunus
311 1133 458 1169 sumito
486 1136 666 1177 cyatum:
694 1133 880 1178 proderit.

55 1184 221 1231 CXXIII]
272 1185 420 1221 Vinum
449 1187 500 1221 ad
526 1186 697 1222 isciacos
724 1186 780 1222 sic
812 1186 943 1221 facito.
983 1187 1034 1221 de
1061 1185 1232 1230 iunipiro
1267 1185 1474 1220 materiem

72 1248 104 1275 21
127 1240 378 1284 semipedem
407 1249 581 1275 crassam
610 1240 811 1276 concidito
840 1240 1034 1274 minutim.
1085 1249 1175 1274 eam
1201 1238 1477 1274 infervetacito

126 1303 217 1328 cum
252 1293 399 1338 congio
427 1293 510 1328 vini
536 1293 693 1328 veteris.
746 1293 813 1328 ubi
847 1292 1057 1334 refrixerit,
1090 1293 1130 1327 in
1163 1292 1353 1337 lagonam
1382 1301 1478 1328 con-

126 1346 281 1382 fundito
319 1349 357 1381 et
393 1349 534 1390 postea
576 1346 615 1381 id
652 1346 751 1381 utito
789 1345 899 1391 [vini]
940 1348 1100 1390 cyatum
1141 1354 1260 1380 mane
1298 1345 1476 1380 ieiunus:

128 1400 314 1444 proderit.

57 1451 224 1498 CXXIV]
296 1451 426 1488 Canes
453 1453 623 1488 interdiu
658 1453 817 1488 clausos
851 1462 941 1488 esse
969 1455 1137 1497 oportet,
1163 1455 1205 1487 ut
1231 1454 1351 1487 noctu
1379 1451 1478 1486 acri·

73 1514 108 1541 26
128 1516 218 1542 ores
246 1509 284 1541 et
310 1506 588 1551 vigilantiores
615 1506 704 1541 sint.

58 1558 208 1604 CXXV]
279 1558 427 1594 Vinum
454 1562 652 1594 murteum
679 1559 736 1594 sic
763 1559 893 1595 facito.
933 1561 1102 1594 murtam
1129 1558 1285 1603 nigram
1313 1557 1480 1594 arfacito

127 1613 166 1647 in
200 1613 353 1648 umbra.
403 1613 471 1648 ubi
506 1613 585 1647 iam
618 1622 737 1656 passa
765 1612 852 1653 erit,
879 1615 1038 1648 servato
1072 1612 1123 1647 ad
1148 1611 1409 1651 vindemiam,
1437 1611 1480 1646 in

175 1728 195 1760 3
222 1727 262 1760 R.
290 1727 464 1760 CXXVIII
492 1728 675 1769 Epityrum
697 1729 817 1760 album
846 1730 986 1768 nigrum
1013 1729 1227 1766 uariumque
1253 1728 1305 1759 sic
1332 1727 1441 1758 facito
1467 1722 1480 1768 i]

128 1776 146 1806 7
175 1776 245 1807 del.
266 1776 346 1807 Keil
371 1772 383 1815 ΙΙ
408 1775 429 1807 8
456 1775 495 1808 R.
524 1775 712 1808 CXXVIIII
738 1776 894 1808 Mustum
922 1777 953 1807 si
979 1776 1083 1807 uoles
1109 1777 1223 1807 totum
1250 1783 1386 1806 annum
1414 1774 1478 1805 ha-

130 1824 214 1855 bere
245 1820 256 1862 ΙΙ
291 1823 333 1854 10
359 1823 438 1855 dies
463 1823 544 1855 Keil
570 1824 666 1856 diem
692 1821 703 1863 ΙΙ
732 1823 771 1855 11
800 1823 840 1855 R.
868 1822 994 1855 CXXX
1019 1822 1229 1854 Mustaceos
1254 1822 1307 1853 sic
1333 1821 1442 1854 facito
1467 1817 1481 1863 Η

131 1870 172 1901 15
207 1869 246 1902 R.
286 1869 428 1902 CXXXI
465 1870 599 1902 Vinum
633 1872 855 1902 concinnare
893 1871 940 1902 ad
975 1870 1100 1902 lotium
1148 1867 1152 1908 Ι
1199 1869 1407 1908 capreidam
1445 1877 1481 1900 m

129 1917 296 1956 capidam
336 1912 564 1956 (capidam‘P)
601 1920 637 1950 et
674 1920 711 1949 in
751 1919 920 1957 margine
945 1917 1113 1956 capidam
1158 1914 1168 1955 ΙΙ
1214 1916 1257 1948 16
1283 1917 1481 1955 iunipirum·

134 1973 266 2004 apoyr.
293 1966 498 2004 iuniperum
525 1965 558 1997 V
594 1962 605 2003 11
652 1965 692 1996 17
728 1974 819 1997 uaso
846 1965 926 1997 Keil
969 1962 979 2003 ΙΙ
1026 1964 1068 1995 19
1094 1966 1236 2004 cyatum
1264 1965 1320 1996 vel
1345 1965 1481 1996 ciatum

129 2021 261 2051 apoyr.
289 2013 457 2052 cyathum
484 2012 516 2044 V
547 2009 558 2051 ΙΙ
589 2013 635 2044 20
662 2012 701 2044 R.
729 2012 886 2044 CXXXII
911 2012 1043 2044 Vinum
1072 2012 1119 2043 ad
1144 2012 1301 2043 isciacos
1328 2011 1477 2042 concin-

129 2067 216 2090 nare
256 2056 260 2098 Ι
300 2060 458 2092 isciacos
484 2069 617 2100 apoyr.
655 2061 837 2092 ischiacos
869 2059 901 2091 V
942 2058 946 2097 Ι
986 2060 1144 2097 iunipiro
1184 2058 1271 2090 Abi
1308 2059 1479 2096 iunipero

129 2100 244 2138 VA²c
263 2103 274 2145 ΙΙ
294 2106 338 2138 23
366 2108 437 2139 del.
463 2107 544 2139 Keil
566 2106 570 2145 Ι
593 2111 736 2147 cyatum
763 2116 896 2147 apoyr.
923 2107 1091 2147 cyathum
1118 2106 1150 2138 V
1173 2104 1177 2144 Ι
1211 2114 1320 2137 mane
1345 2114 1480 2145 apoyr.

131 2163 200 2185 om.
227 2152 306 2185 Pol.
350 2151 361 2193 ΙΙ
405 2154 449 2185 25
476 2153 515 2186 R.
544 2153 716 2186 CXXXIII
742 2154 789 2187 Ut
813 2154 969 2186 interdiu
995 2162 1106 2186 canes
1132 2153 1277 2185 clausos
1303 2152 1443 2184 habeas
1472 2169 1475 2185 1

130 2200 232 2233 Haec
253 2203 461 2241 praecepta
487 2203 532 2233 de
559 2203 716 2234 canibus
743 2199 804 2241 (cf.
825 2202 926 2233 Varr.
947 2205 976 2240 1,
995 2198 1051 2241 21)
1073 2201 1197 2232 alieno
1222 2201 1304 2232 loco
1330 2201 1484 2232 exstare

130 2248 341 2280 Pontedera
369 2250 515 2280 monuit
533 2246 544 2286 l]
564 2249 607 2280 27
629 2248 668 2281 R.
685 2248 873 2281 CXXXIIII
893 2248 1026 2280 Vinum
1049 2251 1225 2279 murteum
1252 2247 1305 2279 sic
1331 2246 1441 2279 facito
1472 2243 1476 2283 l

131 2297 306 2327 murteum
335 2304 466 2335 apogr.
494 2296 693 2328 murtheurn
717 2296 794 2327 Pol.
819 2294 824 2333 Ι
848 2295 901 2335 Cf.
922 2296 1017 2328 ΡΙίη.
1040 2300 1088 2333 14,
1112 2297 1191 2332 104,·
1218 2298 1267 2333 15,
1290 2297 1349 2325 123
