1618 2470
144 79 198 117 42
738 72 899 109 Catonis

143 180 261 215 facito
288 182 463 216 transeat
491 180 529 214 in
558 180 800 215 mortarium.
851 182 992 224 postea
1028 179 1155 215 indito
1183 179 1311 215 mellis
1338 180 1433 216 boni
1460 188 1498 216 P.

144 241 200 267 1111
228 239 260 268 S.
312 233 351 268 id
379 243 460 268 una
485 233 591 269 bene
624 233 872 268 conmisceto
901 242 990 268 cum
1020 242 1151 269 caseo.
1203 235 1345 278 postea
1371 233 1412 268 in
1438 236 1495 269 ta-

143 286 236 321 bula
263 296 372 331 pura,
399 295 504 331 quae
530 288 666 331 pateat
687 293 720 321 P.
742 294 765 327 1,
792 286 845 321 ibi
873 286 1051 321 balteum
1072 287 1223 332 ponito,
1243 286 1338 323 folia
1358 286 1497 323 laurea

93 341 115 374 4
143 341 263 375 uncta
284 339 514 384 supponito‚
536 339 764 384 placentam
784 339 938 384 fingito.
966 338 1161 385 tracta[m]
1183 339 1342 385 singula
1369 340 1409 375 in
1434 342 1494 376 to-

106 402 123 428 5
143 395 226 427 tum
253 393 384 428 solum
405 392 576 437 primum
598 392 749 438 ponito,
770 392 919 428 deinde
941 393 992 428 de
1012 393 1199 429 mortario
1219 395 1343 429 tracta
1369 393 1496 434 linito,

142 448 265 481 tracta
286 446 424 481 addito
439 446 684 491 singulatim,
699 445 794 481 item
810 445 923 481 linito
938 456 1068 491 usque
1088 446 1205 488 adeo,
1220 447 1352 482 donec
1372 456 1499 483 omne

142 508 306 534 caseum
335 509 425 534 cum
454 499 573 534 melle
600 499 750 534 abusus
778 499 866 534 eris.
912 499 951 534 in
978 509 1180 535 summurn
1206 498 1387 545 tracta[n]
1414 500 1495 536 sin-

141 553 237 598 gula
282 552 425 593 indito,
471 555 613 597 postea
658 553 788 588 solum
834 553 1057 588 contrahito
1099 555 1322 598 ornatoque
1358 553 1493 589 focum

141 605 170 650 †
184 607 236 641 de
249 616 301 642 ve
315 606 444 651 prImo
465 609 782 651 temperatoque,
803 609 898 642 tunc
919 606 1145 651 placentam
1168 606 1363 651 inponito,
1389 608 1496 642 testo-

88 667 121 694 10
142 659 258 695 caldo
286 660 453 704 operito,
481 669 607 704 pruna
640 660 803 704 insuper
830 662 867 695 et
894 660 1041 695 circum
1071 660 1237 705 operito.
1288 659 1425 696 videto
1452 663 1494 695 ut

141 714 246 748 bene
275 716 313 748 et
340 713 470 748 otiose
497 722 733 758 percoquas.
785 712 950 757 aperito,
978 714 1072 748 dum
1109 713 1311 758 inspicias,
1338 712 1399 749 bis
1426 715 1494 748 aut

140 770 208 802 ter.
261 766 328 802 ubi
363 768 477 802 cocta
510 766 592 806 erit,
627 765 792 801 eximito
827 769 865 801 et
898 766 1017 801 melle
1049 766 1231 811 unguito.
1283 766 1385 801 haec
1422 765 1495 801 erit

141 819 326 864 placenta
352 819 597 855 semodialis.

69 871 255 917 LXXVII]
306 872 462 918 Spiram
489 874 546 908 sic
578 873 709 908 facito.
761 876 954 918 quantum
982 874 1096 909 voles
1131 883 1201 918 pro
1237 873 1402 914 ratione,
1439 873 1495 908 ita

87 934 120 961 15
140 926 194 961 uti
222 926 409 972 placenta
435 926 488 967 fit,
517 927 661 962 eadem
682 926 818 962 omnia
838 926 969 968 facito,
991 927 1066 962 nisi
1088 927 1166 962 alio
1188 927 1310 962 modo
1337 926 1494 972 fingito.

142 980 180 1014 in
214 979 301 1015 solo
334 981 458 1015 tracta
492 989 581 1015 cum
620 979 739 1025 melle
777 979 946 1015 oblinito
986 981 1101 1016 bene.
1153 980 1248 1015 inde
1285 984 1493 1024 tamquam

141 1032 274 1068 restim
301 1035 446 1068 tractes
472 1032 609 1074 facito,
637 1033 691 1068 ita
719 1032 900 1078 inponito
928 1033 967 1068 in
995 1033 1094 1074 solo,
1122 1033 1371 1078 simplicibus
1397 1041 1492 1068 con-

141 1086 249 1130 pleto
277 1086 382 1121 bene
409 1089 503 1122 arte.
549 1088 680 1122 cetera
708 1085 855 1127 omnia,
880 1087 994 1131 quasi
1022 1087 1248 1131 placentam
1275 1086 1411 1127 facias,
1437 1085 1493 1120 fa-

141 1139 219 1176 cito
247 1139 503 1184 coquitoque.

70 1191 272 1238 LXXVIII]
324 1193 548 1229 Scriblitam
583 1194 638 1229 sic
675 1193 804 1229 tacito.
864 1194 902 1230 in
943 1194 1077 1230 balteo
1113 1193 1246 1229 tractis
1283 1202 1403 1228 caseo
1440 1193 1492 1227 ad

85 1255 115 1281 21
140 1247 315 1282 eundem
344 1247 510 1283 modum
536 1247 668 1288 facito,
697 1247 751 1282 uti
779 1247 1019 1292 placentam,
1046 1247 1134 1282 sine
1161 1246 1292 1282 melle.

70 1299 289 1345 LXXVIIII]
342 1299 496 1336 Globos
531 1301 588 1336 sic
621 1301 752 1336 facito.
792 1310 955 1336 caseum
993 1309 1083 1336 cum
1106 1300 1207 1335 alica
1235 1300 1285 1335 ad
1313 1298 1491 1335 eundem

140 1354 304 1389 modum
319 1354 499 1389 misceto.
528 1354 622 1389 inde
643 1356 816 1399 quantos
830 1354 945 1390 voles
965 1353 1097 1389 facere
1117 1353 1249 1389 facito.
1276 1353 1315 1388 in
1337 1350 1492 1396 a<h>e-

139 1417 233 1442 num
267 1407 426 1442 caldum
461 1417 626 1452 unguen
662 1407 800 1443 indito.
852 1407 1034 1452 singulos
1070 1409 1137 1442 aut
1174 1406 1291 1442 binos
1328 1404 1490 1450 coquito

83 1468 118 1495 25
139 1462 379 1505 versatoque
401 1461 540 1496 crebro
561 1460 719 1496 duabus
733 1460 910 1501 rudibus,
926 1462 1064 1496 coctos
1086 1459 1262 1501 eximito,
1278 1468 1349 1494 eos
1370 1457 1494 1493 melle

139 1513 319 1559 unguito,
346 1523 527 1558 papaver
552 1513 721 1554 iniriato,
749 1513 802 1548 ita
829 1513 979 1558 ponito.

69 1565 220 1611 LXXX]
272 1566 467 1611 Encytum
496 1567 546 1602 ad
575 1567 750 1602 eundern
785 1567 950 1602 modum
982 1566 1113 1607 facito,
1147 1566 1202 1601 uti
1228 1565 1386 1611 globos,
1413 1566 1490 1600 nisi

138 1620 305 1656 calicem
338 1622 544 1665 pertusum
578 1629 723 1655 cavum
757 1619 916 1655 habeat.
968 1620 1021 1654 ita
1057 1619 1095 1654 in
1130 1628 1294 1664 unguen
1328 1618 1490 1654 caldum

137 1673 303 1710 fundito.
347 1673 563 1709 honestum
591 1673 705 1718 quasi
733 1673 880 1718 spiram
906 1672 1025 1708 facito
1053 1672 1175 1717 idque
1200 1672 1357 1707 duabus
1383 1672 1491 1706 rudi-

80 1734 118 1761 30
136 1727 211 1762 bus
231 1729 393 1762 vorsato
415 1729 711 1771 praestatoque.
739 1726 834 1762 item
856 1725 1024 1771 unguito
1046 1725 1307 1770 coloratoque
1328 1725 1490 1760 caldum

136 1789 188 1815 ne
214 1779 396 1814 nimium.
447 1779 486 1814 id
514 1789 605 1815 cum
633 1779 754 1815 melle
781 1781 848 1814 aut
875 1788 966 1814 cum
994 1779 1124 1814 mulso
1152 1778 1357 1823 adponito.

183 1932 204 1961 4
231 1932 302 1963 del.
329 1940 351 1962 v
371 1928 382 1969 Η
403 1932 423 1962 5
451 1931 619 1970 inponito
635 1932 715 1963 Keil
735 1928 746 1971 l}
767 1931 785 1963 7
813 1932 883 1963 del.
905 1940 928 1962 v
947 1928 958 1969 11
977 1930 999 1961 9
1025 1931 1071 1962 de
1092 1939 1138 1962 ue
1160 1931 1274 1969 primo
1295 1939 1374 1962 cum
1395 1931 1487 1961 nota

136 1979 260 2010 mendi
286 1979 382 2010 bene
413 1978 522 2010 Turn.
543 1976 554 2018 ΙΙ
587 1978 629 2010 14
657 1978 695 2011 R.
723 1977 898 2010 LXXXVI
931 1977 1070 2017 spiram
1098 1978 1150 2009 sic
1176 1977 1286 2009 facito
1326 1975 1331 2015 Ι
1371 1985 1487 2016 quan-

135 2032 206 2057 tam
234 2025 315 2058 Keil
333 2022 345 2064 ΙΙ
368 2025 409 2057 17
438 2024 489 2064 [ἰη
516 2023 610 2064 solo]
638 2026 740 2064 Keil‚·
765 2026 810 2065 cf.
837 2025 980 2057 Hauler
1002 2034 1039 2064 ρ.
1055 2029 1093 2056 15
1119 2022 1129 2063 ΙΙ
1160 2025 1204 2056 20
1232 2024 1270 2056 R.
1297 2022 1489 2055 LXXXVII

135 2072 337 2105 Scriblitam
365 2073 418 2105 sic
443 2073 553 2105 facito
584 2071 596 2113 ΙΙ
628 2073 669 2105 21
699 2074 779 2105 sine
806 2073 913 2104 melle
949 2069 1045 2111 (sine
1072 2072 1179 2104 melle
1205 2072 1429 2110 coquitoque
1455 2070 1490 2102 V

134 2120 216 2151 sine
242 2120 349 2152 melle
376 2129 508 2160 apoyr.
536 2122 574 2152 et
603 2115 705 2161 Vici.)
735 2117 747 2160 ΙΙ
779 2120 821 2152 22
851 2119 889 2151 R.
916 2118 1124 2151 LXXXVIII
1151 2118 1328 2150 Globulos
1354 2118 1408 2150 sic
1434 2117 1486 2149 fa-

135 2168 208 2199 cito
240 2165 251 2206 ΙΙ
282 2167 328 2199 24
354 2168 391 2198 in
417 2176 567 2207 unguen
594 2167 696 2206 Keil,·
721 2168 767 2207 cf.
793 2167 936 2199 Hauler
958 2176 995 2206 ρ.
1012 2170 1051 2198 18
1082 2164 1093 2206 Η
1125 2166 1168 2198 27
1197 2166 1236 2198 R.
1263 2163 1487 2197 Lxxxvnn

137 2214 312 2254 Encytum
345 2216 399 2247 sie
431 2215 540 2247 facito
585 2212 596 2255 ΙΙ
639 2214 684 2246 28
710 2223 870 2254 unguem
904 2223 1036 2254 apogr.
1064 2216 1100 2246 et
1130 2213 1216 2245 vict.
1242 2221 1392 2253 unguen
1418 2211 1450 2244 V
1474 2207 1487 2252 Η

135 2261 181 2292 29
206 2259 231 2298 ἦ·
245 2262 439 2293 honestum
461 2262 562 2299 Keil,·
589 2263 633 2301 ef.
648 2262 791 2294 Hauler
811 2271 847 2301 ρ.
863 2265 904 2292 22
922 2258 934 2299 ΙΙ
953 2261 999 2293 30
1019 2264 1165 2293 uorsato
1186 2269 1318 2300 apoyr.
1345 2261 1382 2291 et
1399 2258 1489 2291 Vict-

137 2311 282 2340 uersato
309 2308 340 2340 V
