<?xml version="1.0" encoding="UTF-8"?>
<!DOCTYPE html PUBLIC "-//W3C//DTD XHTML 1.0 Transitional//EN"
    "http://www.w3.org/TR/xhtml1/DTD/xhtml1-transitional.dtd">
<html xmlns="http://www.w3.org/1999/xhtml" xml:lang="en" lang="en">
 <head>
  <title>
</title>
<meta http-equiv="Content-Type" content="text/html;charset=utf-8" />
  <meta name='ocr-system' content='tesseract 3.04.00' />
  <meta name='ocr-capabilities' content='ocr_page ocr_carea ocr_par ocr_line ocrx_word'/>
</head>
<body>
  <div class='ocr_page' id='page_1' title='image "./deagriculturalib00catouoft_0095.png"; bbox 0 0 1618 2470; ppageno 0'>
   <div class='ocr_carea' id='block_1_1' title="bbox 478 90 1478 135">
    <p class='ocr_par' dir='ltr' id='par_1_1' title="bbox 478 90 1478 135">
     <span class='ocr_line' id='line_1_1' title="bbox 478 90 1478 135; baseline -0.002 -10"><span class='ocrx_word' id='word_1_1' title='bbox 478 91 538 126; x_wconf 90' lang='lat' dir='ltr'>De</span> <span class='ocrx_word' id='word_1_2' title='bbox 565 91 648 135; x_wconf 90' lang='lat' dir='ltr'>agri</span> <span class='ocrx_word' id='word_1_3' title='bbox 677 91 827 125; x_wconf 89' lang='lat' dir='ltr'>cultura</span> <span class='ocrx_word' id='word_1_4' title='bbox 856 99 887 125; x_wconf 91' lang='lat' dir='ltr'>c.</span> <span class='ocrx_word' id='word_1_5' title='bbox 918 90 1103 125; x_wconf 79' lang='lat'>157—158</span> <span class='ocrx_word' id='word_1_6' title='bbox 1423 97 1478 134; x_wconf 76' lang='grc'>69</span> 
     </span>
    </p>
   </div>
   <div class='ocr_carea' id='block_1_2' title="bbox 118 197 1551 2005">
    <p class='ocr_par' dir='ltr' id='par_1_2' title="bbox 118 197 1551 1577">
     <span class='ocr_line' id='line_1_2' title="bbox 171 197 1551 234; baseline -0.002 0"><span class='ocrx_word' id='word_1_7' title='bbox 171 198 352 234; x_wconf 84' lang='lat' dir='ltr'><strong>Brassica</strong></span> <span class='ocrx_word' id='word_1_8' title='bbox 379 197 544 233; x_wconf 90' lang='lat' dir='ltr'>erratica</span> <span class='ocrx_word' id='word_1_9' title='bbox 576 197 793 232; x_wconf 81' lang='lat' dir='ltr'>maximam</span> <span class='ocrx_word' id='word_1_10' title='bbox 821 197 900 231; x_wconf 89' lang='lat' dir='ltr'>vim</span> <span class='ocrx_word' id='word_1_11' title='bbox 936 197 1068 232; x_wconf 87' lang='lat' dir='ltr'>habet.</span> <span class='ocrx_word' id='word_1_12' title='bbox 1121 207 1210 232; x_wconf 90' lang='lat' dir='ltr'>eam</span> <span class='ocrx_word' id='word_1_13' title='bbox 1238 198 1413 233; x_wconf 83' lang='lat' dir='ltr'>ariacere</span> <span class='ocrx_word' id='word_1_14' title='bbox 1441 200 1479 231; x_wconf 93' lang='lat' dir='ltr'>et</span> <span class='ocrx_word' id='word_1_15' title='bbox 1505 197 1551 231; x_wconf 84' lang='lat'>12</span> 
     </span>
     <span class='ocr_line' id='line_1_3' title="bbox 123 250 1478 296; baseline 0.001 -10"><span class='ocrx_word' id='word_1_16' title='bbox 123 254 330 288; x_wconf 82' lang='lat' dir='ltr'>conterere</span> <span class='ocrx_word' id='word_1_17' title='bbox 362 253 520 296; x_wconf 86' lang='lat' dir='ltr'>oportet</span> <span class='ocrx_word' id='word_1_18' title='bbox 557 251 663 286; x_wconf 91' lang='lat' dir='ltr'>bene</span> <span class='ocrx_word' id='word_1_19' title='bbox 696 250 901 285; x_wconf 90' lang='lat' dir='ltr'>minutam.</span> <span class='ocrx_word' id='word_1_20' title='bbox 954 250 1109 295; x_wconf 90' lang='lat' dir='ltr'>siquem</span> <span class='ocrx_word' id='word_1_21' title='bbox 1148 260 1320 296; x_wconf 90' lang='lat' dir='ltr'>purgare</span> <span class='ocrx_word' id='word_1_22' title='bbox 1352 251 1478 289; x_wconf 82' lang='lat' dir='ltr'>voles,</span> 
     </span>
     <span class='ocr_line' id='line_1_4' title="bbox 122 303 1478 349; baseline 0 -10"><span class='ocrx_word' id='word_1_23' title='bbox 122 305 250 349; x_wconf 80' lang='lat' dir='ltr'>pridie</span> <span class='ocrx_word' id='word_1_24' title='bbox 275 314 328 340; x_wconf 90' lang='lat' dir='ltr'>ne</span> <span class='ocrx_word' id='word_1_25' title='bbox 354 306 482 345; x_wconf 91' lang='lat' dir='ltr'>cenet,</span> <span class='ocrx_word' id='word_1_26' title='bbox 510 313 629 339; x_wconf 87' lang='lat' dir='ltr'>mane</span> <span class='ocrx_word' id='word_1_27' title='bbox 656 303 792 339; x_wconf 91' lang='lat' dir='ltr'>ieiuno</span> <span class='ocrx_word' id='word_1_28' title='bbox 820 304 914 339; x_wconf 91' lang='lat' dir='ltr'>dato</span> <span class='ocrx_word' id='word_1_29' title='bbox 938 303 1157 339; x_wconf 80' lang='lat' dir='ltr'>brassicam</span> <span class='ocrx_word' id='word_1_30' title='bbox 1177 303 1319 344; x_wconf 85' lang='lat' dir='ltr'>tritam,</span> <span class='ocrx_word' id='word_1_31' title='bbox 1347 314 1478 349; x_wconf 88' lang='lat' dir='ltr'>aquae</span> 
     </span>
     <span class='ocr_line' id='line_1_5' title="bbox 123 356 1476 404; baseline -0.001 -10"><span class='ocrx_word' id='word_1_32' title='bbox 123 356 321 404; x_wconf 86' lang='lat' dir='ltr'>cyat[h]os</span> <span class='ocrx_word' id='word_1_33' title='bbox 342 366 411 393; x_wconf 92' lang='lat'>1111.</span> <span class='ocrx_word' id='word_1_34' title='bbox 438 358 548 393; x_wconf 90' lang='lat' dir='ltr'>nulla</span> <span class='ocrx_word' id='word_1_35' title='bbox 568 367 630 393; x_wconf 92' lang='lat' dir='ltr'>res</span> <span class='ocrx_word' id='word_1_36' title='bbox 651 359 731 392; x_wconf 90' lang='lat' dir='ltr'>tarn</span> <span class='ocrx_word' id='word_1_37' title='bbox 753 357 859 392; x_wconf 93' lang='lat' dir='ltr'>bene</span> <span class='ocrx_word' id='word_1_38' title='bbox 880 357 1077 402; x_wconf 87' lang='lat' dir='ltr'>purgabit,</span> <span class='ocrx_word' id='word_1_39' title='bbox 1099 367 1232 402; x_wconf 91' lang='lat' dir='ltr'>neque</span> <span class='ocrx_word' id='word_1_40' title='bbox 1254 357 1476 393; x_wconf 84' lang='lat' dir='ltr'>elleborum</span> 
     </span>
     <span class='ocr_line' id='line_1_6' title="bbox 122 410 1532 456; baseline -0.001 -9"><span class='ocrx_word' id='word_1_41' title='bbox 122 420 256 456; x_wconf 91' lang='lat' dir='ltr'>neque</span> <span class='ocrx_word' id='word_1_42' title='bbox 282 411 547 452; x_wconf 91' lang='lat' dir='ltr'>scamonium,</span> <span class='ocrx_word' id='word_1_43' title='bbox 575 413 614 446; x_wconf 88' lang='lat' dir='ltr'>et</span> <span class='ocrx_word' id='word_1_44' title='bbox 640 410 728 446; x_wconf 89' lang='lat' dir='ltr'>sine</span> <span class='ocrx_word' id='word_1_45' title='bbox 753 410 944 455; x_wconf 91' lang='lat' dir='ltr'>periculo,</span> <span class='ocrx_word' id='word_1_46' title='bbox 973 412 1011 445; x_wconf 93' lang='lat' dir='ltr'>et</span> <span class='ocrx_word' id='word_1_47' title='bbox 1037 410 1137 446; x_wconf 88' lang='lat' dir='ltr'>scito</span> <span class='ocrx_word' id='word_1_48' title='bbox 1158 411 1360 446; x_wconf 90' lang='lat' dir='ltr'>salubrem</span> <span class='ocrx_word' id='word_1_49' title='bbox 1388 421 1477 446; x_wconf 89' lang='lat' dir='ltr'>esse</span> <span class='ocrx_word' id='word_1_50' title='bbox 1515 418 1532 443; x_wconf 87' lang='lat'><strong>5</strong></span> 
     </span>
     <span class='ocr_line' id='line_1_7' title="bbox 122 462 1551 510; baseline -0.001 -11"><span class='ocrx_word' id='word_1_51' title='bbox 122 465 290 510; x_wconf 88' lang='lat' dir='ltr'>corpori.</span> <span class='ocrx_word' id='word_1_52' title='bbox 331 474 433 510; x_wconf 92' lang='lat' dir='ltr'>quos</span> <span class='ocrx_word' id='word_1_53' title='bbox 460 464 618 499; x_wconf 80' lang='lat' dir='ltr'>diffidas</span> <span class='ocrx_word' id='word_1_54' title='bbox 645 473 766 499; x_wconf 88' lang='lat' dir='ltr'>sanos</span> <span class='ocrx_word' id='word_1_55' title='bbox 792 464 935 505; x_wconf 82' lang='lat' dir='ltr'>iacere,</span> <span class='ocrx_word' id='word_1_56' title='bbox 955 463 1090 499; x_wconf 84' lang='lat' dir='ltr'>iacies.</span> <span class='ocrx_word' id='word_1_57' title='bbox 1136 464 1203 509; x_wconf 92' lang='lat' dir='ltr'>qui</span> <span class='ocrx_word' id='word_1_58' title='bbox 1231 464 1306 500; x_wconf 88' lang='lat' dir='ltr'>hac</span> <span class='ocrx_word' id='word_1_59' title='bbox 1332 475 1477 510; x_wconf 86' lang='lat' dir='ltr'>purga·</span> <span class='ocrx_word' id='word_1_60' title='bbox 1504 462 1551 497; x_wconf 77' lang='lat'>13</span> 
     </span>
     <span class='ocr_line' id='line_1_8' title="bbox 121 517 1477 564; baseline 0.001 -12"><span class='ocrx_word' id='word_1_61' title='bbox 121 518 231 554; x_wconf 87' lang='lat' dir='ltr'>tione</span> <span class='ocrx_word' id='word_1_62' title='bbox 258 520 450 564; x_wconf 91' lang='lat' dir='ltr'>purgatus</span> <span class='ocrx_word' id='word_1_63' title='bbox 478 517 560 558; x_wconf 91' lang='lat' dir='ltr'>erit,</span> <span class='ocrx_word' id='word_1_64' title='bbox 588 517 646 552; x_wconf 89' lang='lat' dir='ltr'>sic</span> <span class='ocrx_word' id='word_1_65' title='bbox 673 526 765 552; x_wconf 92' lang='lat' dir='ltr'>eum</span> <span class='ocrx_word' id='word_1_66' title='bbox 788 519 935 552; x_wconf 91' lang='lat' dir='ltr'>curato.</span> <span class='ocrx_word' id='word_1_67' title='bbox 975 517 1195 553; x_wconf 83' lang='lat' dir='ltr'>sorbitione</span> <span class='ocrx_word' id='word_1_68' title='bbox 1223 518 1374 562; x_wconf 91' lang='lat' dir='ltr'>liquida</span> <span class='ocrx_word' id='word_1_69' title='bbox 1400 518 1477 554; x_wconf 81' lang='lat' dir='ltr'>hoc</span> 
     </span>
     <span class='ocr_line' id='line_1_9' title="bbox 121 570 1476 617; baseline 0 -10"><span class='ocrx_word' id='word_1_70' title='bbox 121 581 191 616; x_wconf 90' lang='lat' dir='ltr'>per</span> <span class='ocrx_word' id='word_1_71' title='bbox 217 571 304 607; x_wconf 91' lang='lat' dir='ltr'>dies</span> <span class='ocrx_word' id='word_1_72' title='bbox 331 574 487 617; x_wconf 88' lang='lat' dir='ltr'>septem</span> <span class='ocrx_word' id='word_1_73' title='bbox 514 571 621 606; x_wconf 90' lang='lat' dir='ltr'>dato.</span> <span class='ocrx_word' id='word_1_74' title='bbox 660 570 728 605; x_wconf 92' lang='lat' dir='ltr'>ubi</span> <span class='ocrx_word' id='word_1_75' title='bbox 757 579 846 606; x_wconf 88' lang='lat' dir='ltr'>esse</span> <span class='ocrx_word' id='word_1_76' title='bbox 872 570 994 611; x_wconf 89' lang='lat' dir='ltr'>volet,</span> <span class='ocrx_word' id='word_1_77' title='bbox 1022 580 1182 606; x_wconf 90' lang='lat' dir='ltr'>carnem</span> <span class='ocrx_word' id='word_1_78' title='bbox 1210 581 1343 606; x_wconf 87' lang='lat' dir='ltr'>assam</span> <span class='ocrx_word' id='word_1_79' title='bbox 1371 572 1476 607; x_wconf 88' lang='lat' dir='ltr'>dato.</span> 
     </span>
     <span class='ocr_line' id='line_1_10' title="bbox 121 623 1477 669; baseline 0 -9"><span class='ocrx_word' id='word_1_80' title='bbox 121 625 153 660; x_wconf 89' lang='lat' dir='ltr'>si</span> <span class='ocrx_word' id='word_1_81' title='bbox 181 634 271 660; x_wconf 91' lang='lat' dir='ltr'>esse</span> <span class='ocrx_word' id='word_1_82' title='bbox 298 634 379 661; x_wconf 92' lang='lat' dir='ltr'>non</span> <span class='ocrx_word' id='word_1_83' title='bbox 406 624 526 665; x_wconf 90' lang='lat' dir='ltr'>volet,</span> <span class='ocrx_word' id='word_1_84' title='bbox 555 624 648 659; x_wconf 87' lang='lat' dir='ltr'>dato</span> <span class='ocrx_word' id='word_1_85' title='bbox 675 623 894 659; x_wconf 90' lang='lat' dir='ltr'>brassicam</span> <span class='ocrx_word' id='word_1_86' title='bbox 919 626 1075 659; x_wconf 88' lang='lat' dir='ltr'>coctam</span> <span class='ocrx_word' id='word_1_87' title='bbox 1104 627 1142 660; x_wconf 89' lang='lat' dir='ltr'>et</span> <span class='ocrx_word' id='word_1_88' title='bbox 1169 634 1327 669; x_wconf 89' lang='lat' dir='ltr'>panem,</span> <span class='ocrx_word' id='word_1_89' title='bbox 1356 628 1395 660; x_wconf 90' lang='lat' dir='ltr'>et</span> <span class='ocrx_word' id='word_1_90' title='bbox 1420 625 1477 660; x_wconf 90' lang='lat' dir='ltr'>bi-</span> 
     </span>
     <span class='ocr_line' id='line_1_11' title="bbox 120 677 1532 724; baseline 0.001 -11"><span class='ocrx_word' id='word_1_91' title='bbox 120 679 188 713; x_wconf 88' lang='lat' dir='ltr'>bat</span> <span class='ocrx_word' id='word_1_92' title='bbox 219 679 358 714; x_wconf 92' lang='lat' dir='ltr'>vinum</span> <span class='ocrx_word' id='word_1_93' title='bbox 390 678 482 713; x_wconf 92' lang='lat' dir='ltr'>lene</span> <span class='ocrx_word' id='word_1_94' title='bbox 515 677 702 719; x_wconf 91' lang='lat' dir='ltr'>dilutum,</span> <span class='ocrx_word' id='word_1_95' title='bbox 729 677 836 712; x_wconf 91' lang='lat' dir='ltr'>lavet</span> <span class='ocrx_word' id='word_1_96' title='bbox 865 687 971 718; x_wconf 84' lang='lat' dir='ltr'>raro,</span> <span class='ocrx_word' id='word_1_97' title='bbox 1000 680 1130 712; x_wconf 91' lang='lat' dir='ltr'>utatur</span> <span class='ocrx_word' id='word_1_98' title='bbox 1156 678 1357 714; x_wconf 89' lang='lat' dir='ltr'>unctione.</span> <span class='ocrx_word' id='word_1_99' title='bbox 1410 679 1477 724; x_wconf 90' lang='lat' dir='ltr'>qui</span> <span class='ocrx_word' id='word_1_100' title='bbox 1499 683 1532 710; x_wconf 85' lang='lat'>10</span> 
     </span>
     <span class='ocr_line' id='line_1_12' title="bbox 121 730 1478 778; baseline 0 -11"><span class='ocrx_word' id='word_1_101' title='bbox 121 732 177 767; x_wconf 91' lang='lat' dir='ltr'>sic</span> <span class='ocrx_word' id='word_1_102' title='bbox 213 734 405 778; x_wconf 90' lang='lat' dir='ltr'>purgatus</span> <span class='ocrx_word' id='word_1_103' title='bbox 444 731 527 771; x_wconf 91' lang='lat' dir='ltr'>erit,</span> <span class='ocrx_word' id='word_1_104' title='bbox 567 731 720 766; x_wconf 91' lang='lat' dir='ltr'>diutina</span> <span class='ocrx_word' id='word_1_105' title='bbox 759 730 992 766; x_wconf 91' lang='lat' dir='ltr'>valetudine</span> <span class='ocrx_word' id='word_1_106' title='bbox 1031 733 1171 772; x_wconf 91' lang='lat' dir='ltr'>utetur,</span> <span class='ocrx_word' id='word_1_107' title='bbox 1208 741 1341 777; x_wconf 90' lang='lat' dir='ltr'>neque</span> <span class='ocrx_word' id='word_1_108' title='bbox 1374 732 1478 767; x_wconf 90' lang='lat' dir='ltr'>ullus</span> 
     </span>
     <span class='ocr_line' id='line_1_13' title="bbox 122 784 1477 829; baseline 0 -9"><span class='ocrx_word' id='word_1_109' title='bbox 122 786 284 822; x_wconf 90' lang='lat' dir='ltr'>morbus</span> <span class='ocrx_word' id='word_1_110' title='bbox 310 784 446 820; x_wconf 91' lang='lat' dir='ltr'>veniet</span> <span class='ocrx_word' id='word_1_111' title='bbox 471 784 549 820; x_wconf 90' lang='lat' dir='ltr'>nisi</span> <span class='ocrx_word' id='word_1_112' title='bbox 575 794 648 820; x_wconf 90' lang='lat' dir='ltr'>sua</span> <span class='ocrx_word' id='word_1_113' title='bbox 675 784 804 829; x_wconf 91' lang='lat' dir='ltr'>culpa.</span> <span class='ocrx_word' id='word_1_114' title='bbox 857 786 895 819; x_wconf 92' lang='lat' dir='ltr'>et</span> <span class='ocrx_word' id='word_1_115' title='bbox 921 784 1045 829; x_wconf 88' lang='lat' dir='ltr'>siquis</span> <span class='ocrx_word' id='word_1_116' title='bbox 1072 785 1186 820; x_wconf 91' lang='lat' dir='ltr'>ulcus</span> <span class='ocrx_word' id='word_1_117' title='bbox 1215 788 1385 821; x_wconf 91' lang='lat' dir='ltr'>taetrum</span> <span class='ocrx_word' id='word_1_118' title='bbox 1411 786 1477 820; x_wconf 94' lang='lat' dir='ltr'>vel</span> 
     </span>
     <span class='ocr_line' id='line_1_14' title="bbox 120 837 1477 884; baseline 0.001 -11"><span class='ocrx_word' id='word_1_119' title='bbox 120 848 261 875; x_wconf 91' lang='lat' dir='ltr'>recens</span> <span class='ocrx_word' id='word_1_120' title='bbox 292 838 473 880; x_wconf 88' lang='lat' dir='ltr'>habebit,</span> <span class='ocrx_word' id='word_1_121' title='bbox 506 838 611 873; x_wconf 88' lang='lat' dir='ltr'>hanc</span> <span class='ocrx_word' id='word_1_122' title='bbox 644 837 863 873; x_wconf 84' lang='lat' dir='ltr'>brassicam</span> <span class='ocrx_word' id='word_1_123' title='bbox 903 838 1109 873; x_wconf 92' lang='lat' dir='ltr'>erraticam</span> <span class='ocrx_word' id='word_1_124' title='bbox 1150 848 1254 883; x_wconf 89' lang='lat' dir='ltr'>aqua</span> <span class='ocrx_word' id='word_1_125' title='bbox 1287 839 1477 884; x_wconf 90' lang='lat' dir='ltr'>spargito,</span> 
     </span>
     <span class='ocr_line' id='line_1_15' title="bbox 121 890 1549 938; baseline -0.003 -10"><span class='ocrx_word' id='word_1_126' title='bbox 121 892 334 938; x_wconf 84' lang='lat' dir='ltr'>opponito:</span> <span class='ocrx_word' id='word_1_127' title='bbox 367 901 510 927; x_wconf 90' lang='lat' dir='ltr'>sanum</span> <span class='ocrx_word' id='word_1_128' title='bbox 543 891 677 926; x_wconf 77' lang='lat' dir='ltr'>iacies.</span> <span class='ocrx_word' id='word_1_129' title='bbox 729 894 767 926; x_wconf 91' lang='lat' dir='ltr'>et</span> <span class='ocrx_word' id='word_1_130' title='bbox 800 891 831 926; x_wconf 91' lang='lat' dir='ltr'>si</span> <span class='ocrx_word' id='word_1_131' title='bbox 858 890 990 926; x_wconf 75' lang='lat' dir='ltr'>fistula</span> <span class='ocrx_word' id='word_1_132' title='bbox 1026 891 1108 932; x_wconf 88' lang='lat' dir='ltr'>erit,</span> <span class='ocrx_word' id='word_1_133' title='bbox 1134 892 1348 927; x_wconf 89' lang='lat' dir='ltr'>turundam</span> <span class='ocrx_word' id='word_1_134' title='bbox 1375 892 1477 928; x_wconf 90' lang='lat' dir='ltr'>intro</span> <span class='ocrx_word' id='word_1_135' title='bbox 1506 890 1549 924; x_wconf 81' lang='grc'>14</span> 
     </span>
     <span class='ocr_line' id='line_1_16' title="bbox 119 944 1532 989; baseline 0 -8"><span class='ocrx_word' id='word_1_136' title='bbox 119 946 278 981; x_wconf 86' lang='lat' dir='ltr'>trudito.</span> <span class='ocrx_word' id='word_1_137' title='bbox 311 945 344 981; x_wconf 91' lang='lat' dir='ltr'>si</span> <span class='ocrx_word' id='word_1_138' title='bbox 364 945 577 980; x_wconf 89' lang='lat' dir='ltr'>turundam</span> <span class='ocrx_word' id='word_1_139' title='bbox 599 953 681 980; x_wconf 90' lang='lat' dir='ltr'>non</span> <span class='ocrx_word' id='word_1_140' title='bbox 702 944 878 989; x_wconf 89' lang='lat' dir='ltr'>recipiet,</span> <span class='ocrx_word' id='word_1_141' title='bbox 900 944 1052 985; x_wconf 91' lang='lat' dir='ltr'>diluito,</span> <span class='ocrx_word' id='word_1_142' title='bbox 1074 944 1201 980; x_wconf 86' lang='lat' dir='ltr'>indito</span> <span class='ocrx_word' id='word_1_143' title='bbox 1226 945 1265 980; x_wconf 92' lang='lat' dir='ltr'>in</span> <span class='ocrx_word' id='word_1_144' title='bbox 1287 945 1476 987; x_wconf 88' lang='lat' dir='ltr'>vesicam,</span> <span class='ocrx_word' id='word_1_145' title='bbox 1499 951 1532 977; x_wconf 86' lang='lat'>15</span> 
     </span>
     <span class='ocr_line' id='line_1_17' title="bbox 121 997 1476 1044; baseline -0.001 -9"><span class='ocrx_word' id='word_1_146' title='bbox 121 1009 170 1035; x_wconf 93' lang='lat' dir='ltr'>eo</span> <span class='ocrx_word' id='word_1_147' title='bbox 198 999 397 1035; x_wconf 90' lang='lat' dir='ltr'>calamum</span> <span class='ocrx_word' id='word_1_148' title='bbox 424 998 606 1044; x_wconf 87' lang='lat' dir='ltr'>alligato,</span> <span class='ocrx_word' id='word_1_149' title='bbox 634 997 688 1033; x_wconf 88' lang='lat' dir='ltr'>ita</span> <span class='ocrx_word' id='word_1_150' title='bbox 714 997 902 1042; x_wconf 89' lang='lat' dir='ltr'>premito,</span> <span class='ocrx_word' id='word_1_151' title='bbox 937 998 976 1033; x_wconf 92' lang='lat' dir='ltr'>in</span> <span class='ocrx_word' id='word_1_152' title='bbox 1003 998 1177 1033; x_wconf 84' lang='lat' dir='ltr'>fistulam</span> <span class='ocrx_word' id='word_1_153' title='bbox 1206 999 1392 1034; x_wconf 90' lang='lat' dir='ltr'>introeat:</span> <span class='ocrx_word' id='word_1_154' title='bbox 1428 1009 1476 1035; x_wconf 88' lang='lat' dir='ltr'>ea</span> 
     </span>
     <span class='ocr_line' id='line_1_18' title="bbox 120 1051 1478 1089; baseline 0 -1"><span class='ocrx_word' id='word_1_155' title='bbox 120 1063 183 1089; x_wconf 92' lang='lat' dir='ltr'>res</span> <span class='ocrx_word' id='word_1_156' title='bbox 209 1062 352 1088; x_wconf 88' lang='lat' dir='ltr'>sanum</span> <span class='ocrx_word' id='word_1_157' title='bbox 379 1052 498 1087; x_wconf 77' lang='lat' dir='ltr'>faciet</span> <span class='ocrx_word' id='word_1_158' title='bbox 524 1052 614 1087; x_wconf 89' lang='lat' dir='ltr'>cito.</span> <span class='ocrx_word' id='word_1_159' title='bbox 667 1054 705 1086; x_wconf 89' lang='lat' dir='ltr'>et</span> <span class='ocrx_word' id='word_1_160' title='bbox 732 1052 783 1085; x_wconf 90' lang='lat' dir='ltr'>ad</span> <span class='ocrx_word' id='word_1_161' title='bbox 810 1051 946 1086; x_wconf 90' lang='lat' dir='ltr'>omnia</span> <span class='ocrx_word' id='word_1_162' title='bbox 980 1052 1113 1087; x_wconf 91' lang='lat' dir='ltr'>ulcera</span> <span class='ocrx_word' id='word_1_163' title='bbox 1140 1055 1278 1088; x_wconf 91' lang='lat' dir='ltr'>vetera</span> <span class='ocrx_word' id='word_1_164' title='bbox 1306 1056 1344 1088; x_wconf 90' lang='lat' dir='ltr'>et</span> <span class='ocrx_word' id='word_1_165' title='bbox 1370 1062 1478 1088; x_wconf 89' lang='lat' dir='ltr'>nova</span> 
     </span>
     <span class='ocr_line' id='line_1_19' title="bbox 121 1104 1547 1151; baseline -0.003 -9"><span class='ocrx_word' id='word_1_166' title='bbox 121 1104 389 1150; x_wconf 80' lang='lat' dir='ltr'>contrita&lt;m&gt;</span> <span class='ocrx_word' id='word_1_167' title='bbox 411 1115 500 1141; x_wconf 92' lang='lat' dir='ltr'>cum</span> <span class='ocrx_word' id='word_1_168' title='bbox 529 1105 648 1140; x_wconf 89' lang='lat' dir='ltr'>melle</span> <span class='ocrx_word' id='word_1_169' title='bbox 669 1104 876 1149; x_wconf 87' lang='lat' dir='ltr'>opponito‚</span> <span class='ocrx_word' id='word_1_170' title='bbox 899 1114 1042 1140; x_wconf 88' lang='lat' dir='ltr'>sanum</span> <span class='ocrx_word' id='word_1_171' title='bbox 1069 1105 1197 1140; x_wconf 81' lang='lat' dir='ltr'>faciet.</span> <span class='ocrx_word' id='word_1_172' title='bbox 1238 1109 1276 1141; x_wconf 89' lang='lat' dir='ltr'>et</span> <span class='ocrx_word' id='word_1_173' title='bbox 1303 1106 1335 1141; x_wconf 88' lang='lat' dir='ltr'>si</span> <span class='ocrx_word' id='word_1_174' title='bbox 1362 1106 1476 1151; x_wconf 74' lang='lat' dir='ltr'>poly-</span> <span class='ocrx_word' id='word_1_175' title='bbox 1504 1104 1547 1138; x_wconf 76' lang='lat'>15</span> 
     </span>
     <span class='ocr_line' id='line_1_20' title="bbox 121 1158 1476 1204; baseline 0 -9"><span class='ocrx_word' id='word_1_176' title='bbox 121 1170 194 1204; x_wconf 91' lang='lat' dir='ltr'>pus</span> <span class='ocrx_word' id='word_1_177' title='bbox 221 1159 260 1194; x_wconf 94' lang='lat' dir='ltr'>in</span> <span class='ocrx_word' id='word_1_178' title='bbox 293 1168 392 1194; x_wconf 93' lang='lat' dir='ltr'>naso</span> <span class='ocrx_word' id='word_1_179' title='bbox 426 1158 527 1194; x_wconf 86' lang='lat' dir='ltr'>intro</span> <span class='ocrx_word' id='word_1_180' title='bbox 562 1158 649 1199; x_wconf 89' lang='lat' dir='ltr'>erit,</span> <span class='ocrx_word' id='word_1_181' title='bbox 677 1158 895 1193; x_wconf 89' lang='lat' dir='ltr'>brassicam</span> <span class='ocrx_word' id='word_1_182' title='bbox 933 1159 1138 1194; x_wconf 90' lang='lat' dir='ltr'>erraticam</span> <span class='ocrx_word' id='word_1_183' title='bbox 1167 1160 1320 1195; x_wconf 91' lang='lat' dir='ltr'>aridam</span> <span class='ocrx_word' id='word_1_184' title='bbox 1346 1160 1476 1195; x_wconf 90' lang='lat' dir='ltr'>tritam</span> 
     </span>
     <span class='ocr_line' id='line_1_21' title="bbox 119 1211 1531 1253; baseline -0.002 -5"><span class='ocrx_word' id='word_1_185' title='bbox 119 1213 160 1248; x_wconf 89' lang='lat' dir='ltr'>in</span> <span class='ocrx_word' id='word_1_186' title='bbox 192 1222 356 1247; x_wconf 87' lang='lat' dir='ltr'>manum</span> <span class='ocrx_word' id='word_1_187' title='bbox 391 1211 562 1247; x_wconf 86' lang='lat' dir='ltr'>conicito</span> <span class='ocrx_word' id='word_1_188' title='bbox 597 1214 635 1246; x_wconf 93' lang='lat' dir='ltr'>et</span> <span class='ocrx_word' id='word_1_189' title='bbox 669 1212 720 1246; x_wconf 92' lang='lat' dir='ltr'>ad</span> <span class='ocrx_word' id='word_1_190' title='bbox 746 1221 889 1247; x_wconf 89' lang='lat' dir='ltr'>nasum</span> <span class='ocrx_word' id='word_1_191' title='bbox 917 1212 1153 1253; x_wconf 88' lang='lat' dir='ltr'>admoveto,</span> <span class='ocrx_word' id='word_1_192' title='bbox 1181 1213 1234 1248; x_wconf 87' lang='lat' dir='ltr'>ita</span> <span class='ocrx_word' id='word_1_193' title='bbox 1261 1214 1476 1249; x_wconf 90' lang='lat' dir='ltr'>subducito</span> <span class='ocrx_word' id='word_1_194' title='bbox 1496 1218 1531 1245; x_wconf 84' lang='lat'>20</span> 
     </span>
     <span class='ocr_line' id='line_1_22' title="bbox 120 1265 1477 1312; baseline 0.001 -11"><span class='ocrx_word' id='word_1_195' title='bbox 120 1276 257 1302; x_wconf 88' lang='lat' dir='ltr'>susum</span> <span class='ocrx_word' id='word_1_196' title='bbox 285 1265 460 1300; x_wconf 88' lang='lat' dir='ltr'>animam</span> <span class='ocrx_word' id='word_1_197' title='bbox 488 1275 608 1310; x_wconf 91' lang='lat' dir='ltr'>quam</span> <span class='ocrx_word' id='word_1_198' title='bbox 636 1265 850 1309; x_wconf 91' lang='lat' dir='ltr'>plurimum</span> <span class='ocrx_word' id='word_1_199' title='bbox 878 1265 1044 1310; x_wconf 91' lang='lat' dir='ltr'>poteris:</span> <span class='ocrx_word' id='word_1_200' title='bbox 1078 1266 1118 1300; x_wconf 90' lang='lat' dir='ltr'>in</span> <span class='ocrx_word' id='word_1_201' title='bbox 1144 1266 1275 1302; x_wconf 91' lang='lat' dir='ltr'>triduo</span> <span class='ocrx_word' id='word_1_202' title='bbox 1302 1267 1477 1312; x_wconf 90' lang='lat' dir='ltr'>polypus</span> 
     </span>
     <span class='ocr_line' id='line_1_23' title="bbox 121 1318 1477 1363; baseline 0.001 -8"><span class='ocrx_word' id='word_1_203' title='bbox 121 1319 291 1355; x_wconf 84' lang='lat' dir='ltr'>excidet.</span> <span class='ocrx_word' id='word_1_204' title='bbox 331 1320 369 1354; x_wconf 91' lang='lat' dir='ltr'>et</span> <span class='ocrx_word' id='word_1_205' title='bbox 389 1319 457 1354; x_wconf 93' lang='lat' dir='ltr'>ubi</span> <span class='ocrx_word' id='word_1_206' title='bbox 479 1318 681 1359; x_wconf 86' lang='lat' dir='ltr'>exciderit,</span> <span class='ocrx_word' id='word_1_207' title='bbox 702 1320 838 1353; x_wconf 91' lang='lat' dir='ltr'>tamen</span> <span class='ocrx_word' id='word_1_208' title='bbox 860 1318 1013 1363; x_wconf 91' lang='lat' dir='ltr'>aliquot</span> <span class='ocrx_word' id='word_1_209' title='bbox 1039 1319 1126 1355; x_wconf 90' lang='lat' dir='ltr'>dies</span> <span class='ocrx_word' id='word_1_210' title='bbox 1147 1319 1255 1354; x_wconf 91' lang='lat' dir='ltr'>idem</span> <span class='ocrx_word' id='word_1_211' title='bbox 1282 1320 1414 1363; x_wconf 82' lang='lat' dir='ltr'>facito,</span> <span class='ocrx_word' id='word_1_212' title='bbox 1435 1324 1477 1356; x_wconf 92' lang='lat' dir='ltr'>ut</span> 
     </span>
     <span class='ocr_line' id='line_1_24' title="bbox 119 1371 1547 1418; baseline 0 -12"><span class='ocrx_word' id='word_1_213' title='bbox 119 1371 274 1407; x_wconf 90' lang='lat' dir='ltr'>radices</span> <span class='ocrx_word' id='word_1_214' title='bbox 307 1371 445 1416; x_wconf 88' lang='lat' dir='ltr'>polypi</span> <span class='ocrx_word' id='word_1_215' title='bbox 477 1381 669 1416; x_wconf 89' lang='lat' dir='ltr'>persanas</span> <span class='ocrx_word' id='word_1_216' title='bbox 701 1371 835 1407; x_wconf 86' lang='lat' dir='ltr'>facias.</span> <span class='ocrx_word' id='word_1_217' title='bbox 887 1372 1049 1408; x_wconf 90' lang='lat' dir='ltr'>auribus</span> <span class='ocrx_word' id='word_1_218' title='bbox 1083 1372 1114 1408; x_wconf 90' lang='lat' dir='ltr'>si</span> <span class='ocrx_word' id='word_1_219' title='bbox 1148 1383 1288 1418; x_wconf 89' lang='lat' dir='ltr'>parum</span> <span class='ocrx_word' id='word_1_220' title='bbox 1322 1374 1475 1415; x_wconf 89' lang='lat' dir='ltr'>audies,</span> <span class='ocrx_word' id='word_1_221' title='bbox 1506 1372 1547 1406; x_wconf 85' lang='grc'>16</span> 
     </span>
     <span class='ocr_line' id='line_1_25' title="bbox 119 1424 1475 1471; baseline 0.002 -11"><span class='ocrx_word' id='word_1_222' title='bbox 119 1425 233 1461; x_wconf 91' lang='lat' dir='ltr'>terito</span> <span class='ocrx_word' id='word_1_223' title='bbox 255 1434 346 1460; x_wconf 92' lang='lat' dir='ltr'>cum</span> <span class='ocrx_word' id='word_1_224' title='bbox 366 1424 462 1460; x_wconf 90' lang='lat' dir='ltr'>vino</span> <span class='ocrx_word' id='word_1_225' title='bbox 483 1424 712 1464; x_wconf 84' lang='lat' dir='ltr'>brassicam,</span> <span class='ocrx_word' id='word_1_226' title='bbox 734 1435 875 1460; x_wconf 90' lang='lat' dir='ltr'>sucum</span> <span class='ocrx_word' id='word_1_227' title='bbox 897 1426 1120 1471; x_wconf 86' lang='lat' dir='ltr'>exprimito,</span> <span class='ocrx_word' id='word_1_228' title='bbox 1142 1426 1181 1461; x_wconf 91' lang='lat' dir='ltr'>in</span> <span class='ocrx_word' id='word_1_229' title='bbox 1209 1436 1346 1462; x_wconf 89' lang='lat' dir='ltr'>aurem</span> <span class='ocrx_word' id='word_1_230' title='bbox 1374 1427 1475 1463; x_wconf 91' lang='lat' dir='ltr'>intro</span> 
     </span>
     <span class='ocr_line' id='line_1_26' title="bbox 118 1477 1529 1526; baseline 0 -13"><span class='ocrx_word' id='word_1_231' title='bbox 118 1478 299 1523; x_wconf 91' lang='lat' dir='ltr'>tepidum</span> <span class='ocrx_word' id='word_1_232' title='bbox 320 1477 527 1514; x_wconf 87' lang='lat' dir='ltr'>instillato:</span> <span class='ocrx_word' id='word_1_233' title='bbox 555 1478 633 1513; x_wconf 91' lang='lat' dir='ltr'>cito</span> <span class='ocrx_word' id='word_1_234' title='bbox 654 1481 693 1513; x_wconf 92' lang='lat' dir='ltr'>te</span> <span class='ocrx_word' id='word_1_235' title='bbox 714 1478 927 1523; x_wconf 81' lang='lat' dir='ltr'>intelleges</span> <span class='ocrx_word' id='word_1_236' title='bbox 954 1479 1043 1524; x_wconf 91' lang='lat' dir='ltr'>plus</span> <span class='ocrx_word' id='word_1_237' title='bbox 1064 1480 1214 1515; x_wconf 90' lang='lat' dir='ltr'>audire.</span> <span class='ocrx_word' id='word_1_238' title='bbox 1253 1480 1475 1526; x_wconf 90' lang='lat' dir='ltr'>depetigini</span> <span class='ocrx_word' id='word_1_239' title='bbox 1494 1487 1529 1513; x_wconf 87' lang='lat'>25</span> 
     </span>
     <span class='ocr_line' id='line_1_27' title="bbox 119 1531 1474 1577; baseline 0.002 -11"><span class='ocrx_word' id='word_1_240' title='bbox 119 1541 288 1577; x_wconf 89' lang='lat' dir='ltr'>spurcae</span> <span class='ocrx_word' id='word_1_241' title='bbox 307 1531 525 1567; x_wconf 89' lang='lat' dir='ltr'>brassicam</span> <span class='ocrx_word' id='word_1_242' title='bbox 541 1532 747 1576; x_wconf 91' lang='lat' dir='ltr'>opponito‚</span> <span class='ocrx_word' id='word_1_243' title='bbox 768 1542 908 1567; x_wconf 90' lang='lat' dir='ltr'>sanam</span> <span class='ocrx_word' id='word_1_244' title='bbox 929 1532 1048 1568; x_wconf 87' lang='lat' dir='ltr'>faciet</span> <span class='ocrx_word' id='word_1_245' title='bbox 1063 1535 1101 1568; x_wconf 92' lang='lat' dir='ltr'>et</span> <span class='ocrx_word' id='word_1_246' title='bbox 1116 1533 1229 1569; x_wconf 90' lang='lat' dir='ltr'>ulcus</span> <span class='ocrx_word' id='word_1_247' title='bbox 1244 1543 1326 1569; x_wconf 92' lang='lat' dir='ltr'>non</span> <span class='ocrx_word' id='word_1_248' title='bbox 1346 1534 1474 1570; x_wconf 79' lang='lat' dir='ltr'>faciet-</span> 
     </span>
    </p>

    <p class='ocr_par' dir='ltr' id='par_1_3' title="bbox 118 1584 1546 2005">
     <span class='ocr_line' id='line_1_28' title="bbox 166 1584 1546 1633; baseline 0.001 -14"><span class='ocrx_word' id='word_1_249' title='bbox 166 1585 313 1620; x_wconf 90' lang='lat' dir='ltr'>Alvum</span> <span class='ocrx_word' id='word_1_250' title='bbox 341 1584 500 1620; x_wconf 93' lang='lat' dir='ltr'>deicere</span> <span class='ocrx_word' id='word_1_251' title='bbox 525 1584 603 1620; x_wconf 93' lang='lat' dir='ltr'>hoc</span> <span class='ocrx_word' id='word_1_252' title='bbox 630 1586 753 1621; x_wconf 90' lang='lat' dir='ltr'>modo</span> <span class='ocrx_word' id='word_1_253' title='bbox 780 1590 954 1630; x_wconf 87' lang='lat' dir='ltr'>oportet,</span> <span class='ocrx_word' id='word_1_254' title='bbox 982 1586 1014 1621; x_wconf 92' lang='lat' dir='ltr'>si</span> <span class='ocrx_word' id='word_1_255' title='bbox 1041 1586 1102 1622; x_wconf 90' lang='lat' dir='ltr'>vis</span> <span class='ocrx_word' id='word_1_256' title='bbox 1129 1587 1235 1622; x_wconf 90' lang='lat' dir='ltr'>bene</span> <span class='ocrx_word' id='word_1_257' title='bbox 1261 1588 1331 1623; x_wconf 91' lang='lat' dir='ltr'>tibi</span> <span class='ocrx_word' id='word_1_258' title='bbox 1384 1586 1546 1633; x_wconf 88' lang='lat' dir='ltr'>[CLVIII</span> 
     </span>
     <span class='ocr_line' id='line_1_29' title="bbox 119 1638 1475 1685; baseline 0.003 -12"><span class='ocrx_word' id='word_1_259' title='bbox 119 1638 290 1674; x_wconf 86' lang='lat' dir='ltr'>deicere.</span> <span class='ocrx_word' id='word_1_260' title='bbox 341 1647 456 1673; x_wconf 90' lang='lat' dir='ltr'>sume</span> <span class='ocrx_word' id='word_1_261' title='bbox 487 1638 557 1673; x_wconf 89' lang='lat' dir='ltr'>tibi</span> <span class='ocrx_word' id='word_1_262' title='bbox 591 1638 729 1679; x_wconf 88' lang='lat' dir='ltr'>ollam,</span> <span class='ocrx_word' id='word_1_263' title='bbox 758 1639 896 1674; x_wconf 89' lang='lat' dir='ltr'>addito</span> <span class='ocrx_word' id='word_1_264' title='bbox 930 1649 979 1675; x_wconf 91' lang='lat' dir='ltr'>eo</span> <span class='ocrx_word' id='word_1_265' title='bbox 1013 1650 1143 1685; x_wconf 89' lang='lat' dir='ltr'>aquae</span> <span class='ocrx_word' id='word_1_266' title='bbox 1176 1641 1372 1677; x_wconf 86' lang='lat' dir='ltr'>sextarios</span> <span class='ocrx_word' id='word_1_267' title='bbox 1404 1651 1475 1677; x_wconf 88' lang='lat' dir='ltr'>sex</span> 
     </span>
     <span class='ocr_line' id='line_1_30' title="bbox 120 1691 1475 1739; baseline 0.004 -14"><span class='ocrx_word' id='word_1_268' title='bbox 120 1693 158 1726; x_wconf 93' lang='lat' dir='ltr'>et</span> <span class='ocrx_word' id='word_1_269' title='bbox 185 1700 234 1726; x_wconf 94' lang='lat' dir='ltr'>eo</span> <span class='ocrx_word' id='word_1_270' title='bbox 261 1691 398 1726; x_wconf 89' lang='lat' dir='ltr'>addito</span> <span class='ocrx_word' id='word_1_271' title='bbox 426 1691 619 1736; x_wconf 87' lang='lat' dir='ltr'>ungulam</span> <span class='ocrx_word' id='word_1_272' title='bbox 648 1692 698 1727; x_wconf 91' lang='lat' dir='ltr'>de</span> <span class='ocrx_word' id='word_1_273' title='bbox 725 1702 861 1737; x_wconf 84' lang='lat' dir='ltr'>perna.</span> <span class='ocrx_word' id='word_1_274' title='bbox 907 1693 938 1728; x_wconf 88' lang='lat' dir='ltr'>si</span> <span class='ocrx_word' id='word_1_275' title='bbox 967 1694 1161 1739; x_wconf 90' lang='lat' dir='ltr'>ungulam</span> <span class='ocrx_word' id='word_1_276' title='bbox 1186 1704 1267 1729; x_wconf 90' lang='lat' dir='ltr'>non</span> <span class='ocrx_word' id='word_1_277' title='bbox 1294 1695 1475 1736; x_wconf 90' lang='lat' dir='ltr'>habebis,</span> 
     </span>
     <span class='ocr_line' id='line_1_31' title="bbox 118 1741 1529 1793; baseline 0.003 -15"><span class='ocrx_word' id='word_1_278' title='bbox 118 1744 256 1779; x_wconf 89' lang='lat' dir='ltr'>addito</span> <span class='ocrx_word' id='word_1_279' title='bbox 290 1744 341 1779; x_wconf 92' lang='lat' dir='ltr'>de</span> <span class='ocrx_word' id='word_1_280' title='bbox 372 1753 497 1789; x_wconf 91' lang='lat' dir='ltr'>perna</span> <span class='ocrx_word' id='word_1_281' title='bbox 528 1745 693 1780; x_wconf 78' lang='lat' dir='ltr'>frustum</span> <span class='ocrx_word' id='word_1_282' title='bbox 728 1753 761 1780; x_wconf 82' lang='lat' dir='ltr'>P.</span> <span class='ocrx_word' id='word_1_283' title='bbox 790 1752 811 1780; x_wconf 89' lang='lat' dir='ltr'>S</span> <span class='ocrx_word' id='word_1_284' title='bbox 844 1756 964 1791; x_wconf 88' lang='lat' dir='ltr'>quarn</span> <span class='ocrx_word' id='word_1_285' title='bbox 1001 1747 1167 1782; x_wconf 90' lang='lat' dir='ltr'>minime</span> <span class='ocrx_word' id='word_1_286' title='bbox 1193 1748 1358 1793; x_wconf 86' lang='lat' dir='ltr'>pingue.</span> <span class='ocrx_word' id='word_1_287' title='bbox 1399 1741 1529 1783; x_wconf 72' lang='lat' dir='ltr'>&#39;ubiso</span> 
     </span>
     <span class='ocr_line' id='line_1_32' title="bbox 118 1797 1474 1842; baseline 0.004 -11"><span class='ocrx_word' id='word_1_288' title='bbox 118 1797 198 1832; x_wconf 90' lang='lat' dir='ltr'>iam</span> <span class='ocrx_word' id='word_1_289' title='bbox 225 1799 383 1833; x_wconf 90' lang='lat' dir='ltr'>coctum</span> <span class='ocrx_word' id='word_1_290' title='bbox 403 1797 542 1842; x_wconf 91' lang='lat' dir='ltr'>incipit</span> <span class='ocrx_word' id='word_1_291' title='bbox 563 1807 664 1839; x_wconf 89' lang='lat' dir='ltr'>esse,</span> <span class='ocrx_word' id='word_1_292' title='bbox 687 1808 735 1834; x_wconf 95' lang='lat' dir='ltr'>eo</span> <span class='ocrx_word' id='word_1_293' title='bbox 758 1799 896 1834; x_wconf 90' lang='lat' dir='ltr'>addito</span> <span class='ocrx_word' id='word_1_294' title='bbox 917 1799 1120 1835; x_wconf 90' lang='lat' dir='ltr'>brassicae</span> <span class='ocrx_word' id='word_1_295' title='bbox 1145 1800 1340 1837; x_wconf 90' lang='lat' dir='ltr'>coliculos</span> <span class='ocrx_word' id='word_1_296' title='bbox 1361 1802 1474 1842; x_wconf 84' lang='lat' dir='ltr'>duos,</span> 
     </span>
     <span class='ocr_line' id='line_1_33' title="bbox 118 1850 1475 1898; baseline 0.004 -13"><span class='ocrx_word' id='word_1_297' title='bbox 118 1851 236 1886; x_wconf 87' lang='lat' dir='ltr'>betae</span> <span class='ocrx_word' id='word_1_298' title='bbox 258 1850 450 1886; x_wconf 91' lang='lat' dir='ltr'>coliculos</span> <span class='ocrx_word' id='word_1_299' title='bbox 465 1851 568 1886; x_wconf 93' lang='lat' dir='ltr'>duos</span> <span class='ocrx_word' id='word_1_300' title='bbox 583 1861 674 1887; x_wconf 90' lang='lat' dir='ltr'>cum</span> <span class='ocrx_word' id='word_1_301' title='bbox 689 1852 824 1887; x_wconf 90' lang='lat' dir='ltr'>radice</span> <span class='ocrx_word' id='word_1_302' title='bbox 839 1862 922 1893; x_wconf 92' lang='lat' dir='ltr'>sua,</span> <span class='ocrx_word' id='word_1_303' title='bbox 937 1852 1123 1888; x_wconf 87' lang='lat' dir='ltr'>feliculae</span> <span class='ocrx_word' id='word_1_304' title='bbox 1144 1853 1309 1898; x_wconf 91' lang='lat' dir='ltr'>pullum,</span> <span class='ocrx_word' id='word_1_305' title='bbox 1324 1854 1475 1890; x_wconf 89' lang='lat' dir='ltr'>herbae</span> 
     </span>
     <span class='ocr_line' id='line_1_34' title="bbox 118 1903 1475 1952; baseline 0.004 -14"><span class='ocrx_word' id='word_1_306' title='bbox 118 1903 362 1939; x_wconf 89' lang='lat' dir='ltr'>Mercurialis</span> <span class='ocrx_word' id='word_1_307' title='bbox 388 1913 470 1939; x_wconf 92' lang='lat' dir='ltr'>non</span> <span class='ocrx_word' id='word_1_308' title='bbox 491 1904 671 1946; x_wconf 89' lang='lat' dir='ltr'>multum,</span> <span class='ocrx_word' id='word_1_309' title='bbox 694 1905 925 1941; x_wconf 90' lang='lat' dir='ltr'>mitulorum</span> <span class='ocrx_word' id='word_1_310' title='bbox 946 1913 980 1941; x_wconf 82' lang='lat' dir='ltr'>L.</span> <span class='ocrx_word' id='word_1_311' title='bbox 1003 1914 1041 1947; x_wconf 89' lang='lat'>11,</span> <span class='ocrx_word' id='word_1_312' title='bbox 1063 1906 1216 1951; x_wconf 91' lang='lat' dir='ltr'>piscem</span> <span class='ocrx_word' id='word_1_313' title='bbox 1245 1907 1475 1952; x_wconf 87' lang='lat' dir='ltr'>capitonem</span> 
     </span>
     <span class='ocr_line' id='line_1_35' title="bbox 119 1956 1522 2005; baseline 0.004 -14"><span class='ocrx_word' id='word_1_314' title='bbox 119 1960 156 1991; x_wconf 80' lang='lat' dir='ltr'>et</span> <span class='ocrx_word' id='word_1_315' title='bbox 195 1956 449 2001; x_wconf 90' lang='lat' dir='ltr'>scorpionem</span> <span class='ocrx_word' id='word_1_316' title='bbox 477 1965 499 1998; x_wconf 88' lang='lat'>1,</span> <span class='ocrx_word' id='word_1_317' title='bbox 540 1958 729 1993; x_wconf 89' lang='lat' dir='ltr'>cochleas</span> <span class='ocrx_word' id='word_1_318' title='bbox 768 1968 838 1994; x_wconf 91' lang='lat' dir='ltr'>sex</span> <span class='ocrx_word' id='word_1_319' title='bbox 880 1962 917 1994; x_wconf 91' lang='lat' dir='ltr'>et</span> <span class='ocrx_word' id='word_1_320' title='bbox 955 1959 1073 1994; x_wconf 88' lang='lat' dir='ltr'>lentis</span> <span class='ocrx_word' id='word_1_321' title='bbox 1112 1960 1322 2005; x_wconf 88' lang='lat' dir='ltr'>pugillum.</span> <span class='ocrx_word' id='word_1_322' title='bbox 1373 1961 1474 1997; x_wconf 89' lang='lat' dir='ltr'>haec</span> <span class='ocrx_word' id='word_1_323' title='bbox 1500 1961 1522 1996; x_wconf 86' lang='lat'>2</span> 
     </span>
    </p>
   </div>
   <div class='ocr_carea' id='block_1_3' title="bbox 116 2095 1474 2374">
    <p class='ocr_par' dir='ltr' id='par_1_4' title="bbox 116 2095 1474 2374">
     <span class='ocr_line' id='line_1_36' title="bbox 167 2095 1474 2139; baseline 0.004 -12"><span class='ocrx_word' id='word_1_324' title='bbox 167 2097 181 2127; x_wconf 95' lang='lat'>1</span> <span class='ocrx_word' id='word_1_325' title='bbox 214 2095 268 2136; x_wconf 87' lang='lat' dir='ltr'>Cf.</span> <span class='ocrx_word' id='word_1_326' title='bbox 294 2097 389 2128; x_wconf 84' lang='lat' dir='ltr'>Plin.</span> <span class='ocrx_word' id='word_1_327' title='bbox 409 2100 460 2135; x_wconf 78' lang='lat'>20,</span> <span class='ocrx_word' id='word_1_328' title='bbox 480 2101 522 2129; x_wconf 83' lang='lat'>92</span> <span class='ocrx_word' id='word_1_329' title='bbox 558 2095 569 2137; x_wconf 83' lang='grc' dir='ltr'>Η</span> <span class='ocrx_word' id='word_1_330' title='bbox 607 2098 628 2129; x_wconf 91' lang='grc'><strong>8</strong></span> <span class='ocrx_word' id='word_1_331' title='bbox 655 2108 775 2130; x_wconf 88' lang='lat' dir='ltr'>assam</span> <span class='ocrx_word' id='word_1_332' title='bbox 804 2109 826 2130; x_wconf 94' lang='lat' dir='ltr'>v</span> <span class='ocrx_word' id='word_1_333' title='bbox 853 2100 993 2131; x_wconf 88' lang='lat' dir='ltr'>asinam</span> <span class='ocrx_word' id='word_1_334' title='bbox 1025 2096 1039 2139; x_wconf 91' lang='grc' dir='ltr'>ΙΙ</span> <span class='ocrx_word' id='word_1_335' title='bbox 1075 2099 1095 2131; x_wconf 89' lang='grc'>9</span> <span class='ocrx_word' id='word_1_336' title='bbox 1123 2109 1198 2132; x_wconf 89' lang='lat' dir='ltr'>non</span> <span class='ocrx_word' id='word_1_337' title='bbox 1226 2102 1323 2133; x_wconf 85' lang='lat' dir='ltr'>volet</span> <span class='ocrx_word' id='word_1_338' title='bbox 1349 2110 1372 2132; x_wconf 94' lang='lat' dir='ltr'>v</span> <span class='ocrx_word' id='word_1_339' title='bbox 1399 2110 1474 2132; x_wconf 89' lang='lat' dir='ltr'>non</span> 
     </span>
     <span class='ocr_line' id='line_1_37' title="bbox 116 2143 1473 2188; baseline 0.004 -14"><span class='ocrx_word' id='word_1_340' title='bbox 116 2143 211 2175; x_wconf 91' lang='lat' dir='ltr'>solet</span> <span class='ocrx_word' id='word_1_341' title='bbox 229 2143 240 2183; x_wconf 88' lang='grc' dir='ltr'>ΙΙ</span> <span class='ocrx_word' id='word_1_342' title='bbox 263 2143 305 2175; x_wconf 88' lang='grc'>18</span> <span class='ocrx_word' id='word_1_343' title='bbox 331 2145 420 2176; x_wconf 83' lang='lat' dir='ltr'>add.</span> <span class='ocrx_word' id='word_1_344' title='bbox 446 2145 517 2176; x_wconf 77' lang='lat' dir='ltr'>luc.</span> <span class='ocrx_word' id='word_1_345' title='bbox 549 2144 560 2185; x_wconf 76' lang='grc' dir='ltr'>Η</span> <span class='ocrx_word' id='word_1_346' title='bbox 590 2146 636 2178; x_wconf 90' lang='grc'>20</span> <span class='ocrx_word' id='word_1_347' title='bbox 664 2147 701 2177; x_wconf 91' lang='lat' dir='ltr'>in</span> <span class='ocrx_word' id='word_1_348' title='bbox 734 2155 881 2178; x_wconf 89' lang='lat' dir='ltr'>manum</span> <span class='ocrx_word' id='word_1_349' title='bbox 911 2146 1060 2179; x_wconf 82' lang='lat' dir='ltr'>Gesner.</span> <span class='ocrx_word' id='word_1_350' title='bbox 1088 2148 1125 2178; x_wconf 90' lang='lat' dir='ltr'>in</span> <span class='ocrx_word' id='word_1_351' title='bbox 1152 2149 1285 2179; x_wconf 89' lang='lat' dir='ltr'>malum</span> <span class='ocrx_word' id='word_1_352' title='bbox 1306 2145 1317 2188; x_wconf 85' lang='grc' dir='ltr'>ΙΙ</span> <span class='ocrx_word' id='word_1_353' title='bbox 1337 2148 1381 2180; x_wconf 88' lang='grc'>22</span> <span class='ocrx_word' id='word_1_354' title='bbox 1409 2149 1473 2179; x_wconf 90' lang='lat' dir='ltr'>ali-</span> 
     </span>
     <span class='ocr_line' id='line_1_38' title="bbox 117 2188 1473 2235; baseline 0.005 -14"><span class='ocrx_word' id='word_1_355' title='bbox 117 2191 217 2230; x_wconf 87' lang='lat' dir='ltr'>quod</span> <span class='ocrx_word' id='word_1_356' title='bbox 259 2188 270 2230; x_wconf 76' lang='grc' dir='ltr'>Η</span> <span class='ocrx_word' id='word_1_357' title='bbox 314 2191 370 2223; x_wconf 90' lang='grc'>25.</span> <span class='ocrx_word' id='word_1_358' title='bbox 391 2191 435 2222; x_wconf 88' lang='grc'>26</span> <span class='ocrx_word' id='word_1_359' title='bbox 471 2192 674 2233; x_wconf 84' lang='lat' dir='ltr'>depetigini</span> <span class='ocrx_word' id='word_1_360' title='bbox 711 2202 866 2233; x_wconf 90' lang='lat' dir='ltr'>spurcae</span> <span class='ocrx_word' id='word_1_361' title='bbox 902 2193 1011 2226; x_wconf 86' lang='lat' dir='ltr'>Schn.</span> <span class='ocrx_word' id='word_1_362' title='bbox 1047 2195 1270 2235; x_wconf 85' lang='lat' dir='ltr'>depetiginis</span> <span class='ocrx_word' id='word_1_363' title='bbox 1303 2204 1437 2234; x_wconf 84' lang='lat' dir='ltr'>porcae</span> <span class='ocrx_word' id='word_1_364' title='bbox 1462 2192 1473 2235; x_wconf 67' lang='lat' dir='ltr'>l}</span> 
     </span>
     <span class='ocr_line' id='line_1_39' title="bbox 117 2237 1473 2282; baseline 0.004 -13"><span class='ocrx_word' id='word_1_365' title='bbox 117 2238 161 2269; x_wconf 90' lang='grc'>27</span> <span class='ocrx_word' id='word_1_366' title='bbox 188 2237 228 2269; x_wconf 91' lang='lat' dir='ltr'>R.</span> <span class='ocrx_word' id='word_1_367' title='bbox 256 2237 393 2270; x_wconf 91' lang='lat' dir='ltr'>CLXVI</span> <span class='ocrx_word' id='word_1_368' title='bbox 423 2238 555 2271; x_wconf 84' lang='lat' dir='ltr'>Aluum</span> <span class='ocrx_word' id='word_1_369' title='bbox 583 2241 729 2272; x_wconf 90' lang='lat' dir='ltr'>deicere</span> <span class='ocrx_word' id='word_1_370' title='bbox 756 2242 826 2273; x_wconf 92' lang='lat' dir='ltr'>hoc</span> <span class='ocrx_word' id='word_1_371' title='bbox 853 2241 964 2273; x_wconf 91' lang='lat' dir='ltr'>modo</span> <span class='ocrx_word' id='word_1_372' title='bbox 992 2244 1137 2281; x_wconf 90' lang='lat' dir='ltr'>oportet</span> <span class='ocrx_word' id='word_1_373' title='bbox 1164 2239 1175 2282; x_wconf 74' lang='grc' dir='ltr'>ΙΙ</span> <span class='ocrx_word' id='word_1_374' title='bbox 1204 2242 1249 2275; x_wconf 90' lang='grc'>30</span> <span class='ocrx_word' id='word_1_375' title='bbox 1275 2243 1399 2275; x_wconf 89' lang='lat' dir='ltr'>addito</span> <span class='ocrx_word' id='word_1_376' title='bbox 1427 2243 1473 2274; x_wconf 90' lang='lat' dir='ltr'>de</span> 
     </span>
     <span class='ocr_line' id='line_1_40' title="bbox 117 2284 1471 2330; baseline 0.001 -12"><span class='ocrx_word' id='word_1_377' title='bbox 117 2294 230 2323; x_wconf 83' lang='lat' dir='ltr'>perna</span> <span class='ocrx_word' id='word_1_378' title='bbox 264 2284 379 2324; x_wconf 91' lang='lat' dir='ltr'>(pone</span> <span class='ocrx_word' id='word_1_379' title='bbox 414 2286 460 2318; x_wconf 90' lang='lat' dir='ltr'>de</span> <span class='ocrx_word' id='word_1_380' title='bbox 496 2295 608 2324; x_wconf 87' lang='lat' dir='ltr'>perna</span> <span class='ocrx_word' id='word_1_381' title='bbox 634 2288 667 2319; x_wconf 91' lang='lat' dir='ltr'>V</span> <span class='ocrx_word' id='word_1_382' title='bbox 693 2288 819 2320; x_wconf 89' lang='lat' dir='ltr'>addito</span> <span class='ocrx_word' id='word_1_383' title='bbox 856 2289 902 2321; x_wconf 93' lang='lat' dir='ltr'>de</span> <span class='ocrx_word' id='word_1_384' title='bbox 939 2297 1051 2327; x_wconf 89' lang='lat' dir='ltr'>perna</span> <span class='ocrx_word' id='word_1_385' title='bbox 1086 2299 1218 2329; x_wconf 75' lang='lat' dir='ltr'>apoyr.</span> <span class='ocrx_word' id='word_1_386' title='bbox 1255 2292 1291 2322; x_wconf 78' lang='lat' dir='ltr'>et</span> <span class='ocrx_word' id='word_1_387' title='bbox 1323 2286 1425 2330; x_wconf 65' lang='lat' dir='ltr'>Vici.)</span> <span class='ocrx_word' id='word_1_388' title='bbox 1461 2286 1471 2319; x_wconf 60' lang='lat'>5*</span> 
     </span>
     <span class='ocr_line' id='line_1_41' title="bbox 117 2332 737 2374; baseline 0.005 -10"><span class='ocrx_word' id='word_1_389' title='bbox 117 2332 174 2364; x_wconf 92' lang='grc'>31.</span> <span class='ocrx_word' id='word_1_390' title='bbox 195 2332 238 2365; x_wconf 90' lang='grc'>32</span> <span class='ocrx_word' id='word_1_391' title='bbox 266 2333 442 2365; x_wconf 88' lang='lat' dir='ltr'>colicolos</span> <span class='ocrx_word' id='word_1_392' title='bbox 470 2336 628 2374; x_wconf 80' lang='lat' dir='ltr'>utroque</span> <span class='ocrx_word' id='word_1_393' title='bbox 656 2336 737 2367; x_wconf 82' lang='lat' dir='ltr'>loco</span> 
     </span>
    </p>
   </div>
  </div>
 </body>
</html>
