1618 2470
160 85 214 123 64
754 79 915 115 Catonis

111 187 133 220 4
160 186 330 231 pedibus
370 186 623 231 conplanato.
677 187 876 232 siquando
910 197 990 224 non
1025 189 1145 232 pluet,
1180 189 1234 224 uti
1268 191 1369 224 terra
1395 188 1515 230 sitIat,

160 250 305 285 aquam
334 239 504 284 inrigato
532 240 674 275 lenIter
700 240 739 275 in
773 250 897 275 areas.
950 241 981 276 si
1016 251 1096 277 non
1124 242 1293 278 habebis
1321 242 1429 277 unde
1455 242 1515 277 in-

159 293 276 338 figes,
304 293 432 338 gerito
460 292 669 338 inditoque
705 293 857 328 lenIter.
910 294 1274 340 quotienscumque
1302 304 1403 340 opus
1431 295 1515 336 erit,

158 346 277 382 facito
305 346 360 380 uti
388 356 535 390 aquam
569 347 707 381 addas.
759 346 790 381 si
824 346 974 382 herbae
1007 349 1126 381 natae
1159 349 1283 388 erunt,
1309 347 1430 384 facito
1458 349 1514 384 uti

121 408 139 434 5
159 400 208 435 ab
235 399 369 435 herbis
390 409 549 444 purges.
589 409 709 444 quam
731 400 956 435 tenerrimis
976 399 1122 440 herbis,
1145 402 1183 434 et
1204 400 1390 445 quotiens
1411 411 1516 447 opus

160 453 242 494 erit,
268 462 429 498 purges.
479 462 549 497 per
576 455 770 488 aestatem
798 453 851 488 ita
881 452 994 496 suti>
1023 452 1172 487 dictum
1202 455 1261 488 est
1286 453 1371 489 fieri
1400 464 1515 499 opor-

158 508 225 547 tet,
253 509 291 541 et
317 506 384 541 ubi
418 515 558 541 semen
591 509 721 541 satum
755 506 846 546 siet,
881 505 1108 541 stramentis
1142 506 1304 551 operiri;
1331 507 1399 542 ubi
1425 517 1515 553 ger-

160 559 383 595 minascere
410 560 599 604 coeperit,
626 563 711 594 tum
739 559 859 595 demi.

89 612 196 658 CLII]
272 613 333 648 De
371 613 504 657 scopis
543 613 708 658 virgeIS.
749 619 789 651 Q.
823 620 863 648 Α.
898 620 942 647 M.
994 613 1132 647 Manlii
1179 616 1513 649 monstraverunt.

107 675 139 701 10
159 667 199 702 in
235 666 378 702 diebus
411 673 517 707 XXX,
558 667 702 711 quibus
737 667 877 701 vinum
914 666 1078 711 legeris,
1115 666 1359 711 aliquotiens
1394 667 1514 703 facito

158 730 304 765 scopas
330 720 490 765 virgeas
518 719 673 755 ulmeas
700 719 848 760 aridas,
877 719 916 754 in
943 720 1148 755 asserculo
1182 720 1359 765 alligato,
1388 721 1515 756 eabus

159 774 282 809 latera
309 773 426 809 doliis
454 773 692 808 intrinsecus
726 782 854 817 usque
890 773 996 808 bene
1029 773 1251 816 perfricato,
1279 783 1330 809 ne
1356 773 1447 809 faex
1473 774 1514 809 in

159 827 349 862 lateribus
376 826 651 862 adhaerescat.

89 878 213 925 CLIII]
288 879 435 915 Vinum
469 879 668 915 faecatum
696 879 753 914 sic
780 879 912 915 facito.
956 879 1118 915 fiscinas
1145 880 1316 916 olearias
1345 879 1515 926 Campa-

108 943 140 968 15
159 934 270 969 nicas
298 934 399 969 duas
426 933 518 968 illae
544 933 600 968 rei
627 933 787 968 habeto.
828 942 897 968 eas
917 932 1040 968 faecis
1062 933 1214 978 inpleto
1239 934 1313 969 sub
1341 934 1514 979 prelum-

160 997 239 1031 que
265 987 426 1022 subdito
455 987 760 1031 exprimitoque.

89 1039 217 1086 CLIV]
292 1040 439 1075 Vinum
467 1040 713 1085 emptoribus
741 1039 828 1074 sine
855 1040 1040 1075 molestia
1067 1049 1148 1085 quo
1176 1040 1298 1075 modo
1319 1040 1515 1075 admetia-

159 1094 221 1129 ris.
248 1094 403 1129 labrum
431 1094 606 1129 culleare
632 1093 725 1128 illae
746 1093 801 1128 rei
828 1093 960 1128 facito.
1001 1093 1040 1127 id
1062 1093 1211 1129 habeat
1237 1094 1288 1128 ad
1312 1104 1515 1128 summum

159 1157 278 1183 ansas
305 1155 379 1188 1111,
408 1147 463 1182 uti
494 1147 693 1182 transferri
726 1146 911 1191 possitur.
963 1146 1002 1181 id
1040 1147 1163 1181 imum
1192 1147 1438 1191 pertundito:
1466 1156 1516 1182 ea

105 1200 332 1236 20iistulam
367 1200 546 1241 subdito,
580 1200 636 1234 uti
671 1199 891 1245 opturarier
927 1202 1035 1235 recte
1070 1200 1214 1245 possit:
1252 1202 1290 1235 et
1323 1200 1375 1235 ad
1407 1210 1516 1235 sum-

160 1264 280 1294 mum.
307 1264 388 1298 qua
412 1254 481 1288 fini
509 1253 683 1289 culleum
717 1253 865 1298 capiet,
893 1253 1133 1298 pertundito.
1185 1253 1224 1287 id
1252 1253 1291 1288 in
1318 1256 1514 1299 suggestu

160 1308 260 1342 inter
287 1307 394 1343 dolia
421 1307 595 1352 positum
624 1307 784 1348 habeto,
812 1307 868 1342 uti
896 1307 934 1342 in
963 1307 1138 1342 culleum
1166 1308 1216 1341 de
1239 1307 1347 1342 dolio
1374 1307 1515 1342 vinum

160 1360 278 1395 salire
305 1360 441 1406 possit.
494 1360 533 1395 id
560 1360 724 1405 inpleto,
753 1363 895 1405 postea
922 1361 1120 1396 obturato.

89 1412 200 1458 CLV]
275 1413 350 1448 Per
375 1413 551 1448 hiemem
575 1423 721 1458 aquam
744 1414 795 1449 de
816 1423 914 1459 agro
936 1413 1085 1458 depelli
1107 1416 1275 1458 oportet.
1315 1414 1355 1448 in
1377 1416 1516 1449 monte

105 1475 140 1502 25
158 1467 287 1502 fossas
308 1466 448 1502 inciles
469 1477 589 1511 puras
609 1467 760 1501 habere
781 1468 950 1511 oportet.
989 1466 1116 1511 prima
1137 1466 1402 1502 autumnitate
1424 1476 1515 1502 cum

160 1519 292 1564 pulvis
320 1522 390 1560 est,
416 1522 499 1554 tum
522 1519 699 1555 maxime
720 1520 770 1554 ab
792 1529 897 1564 aqua
918 1520 1139 1564 periculum
1162 1522 1233 1555 est.
1263 1529 1354 1555 cum
1374 1519 1515 1564 pluere

160 1572 334 1618 incipIet‚
361 1573 552 1607 familiam
581 1582 671 1607 cum
698 1572 834 1607 ferreis
855 1572 1103 1617 sarculisque
1125 1572 1234 1607 exire
1260 1574 1429 1617 oportet,
1456 1572 1515 1607 in-

160 1626 251 1661 cilia
283 1626 453 1671 aperire,
481 1636 627 1670 aquam
661 1625 853 1661 diducere
879 1625 919 1660 in
946 1625 1033 1660 vias
1071 1627 1109 1660 et
1136 1623 1348 1670 [segetem]
1377 1635 1516 1661 curare

208 1720 228 1751 4
254 1720 363 1751 facito
396 1720 446 1750 uti
479 1728 612 1758 aquam
646 1728 778 1759 αροςν.
808 1719 921 1750 iacies
954 1719 1004 1749 uti
1037 1727 1170 1756 aquam
1198 1717 1230 1749 V
1267 1715 1277 1756 ΙΙ
1315 1718 1336 1748 5
1363 1718 1510 1749 tenerri-

162 1769 228 1799 mis
255 1767 376 1799 herbis
403 1770 439 1798 et
465 1776 597 1806 apoyr.
619 1769 655 1798 et
680 1766 765 1798 Vict.
786 1766 987 1798 tenerrimis
1015 1769 1050 1797 et
1072 1765 1102 1795 V
1121 1762 1132 1804 ΙΙ
1151 1765 1172 1796 6
1193 1766 1282 1796 aclcl.
1303 1774 1326 1796 v
1346 1763 1357 1803 ΙΙ
1384 1765 1402 1796 7
1429 1773 1509 1804 ger-

162 1815 363 1846 minascere
389 1815 525 1845 Meurs.
551 1822 701 1854 germen
728 1822 880 1845 nascere
911 1810 922 1852 11
954 1813 975 1844 9
1004 1812 1043 1844 R.
1071 1812 1175 1844 CLXI
1202 1812 1257 1844 De
1290 1813 1414 1851 scopis
1442 1812 1510 1843 uir-

159 1862 239 1901 geis
280 1859 283 1900 Ι
324 1861 380 1893 De
412 1862 536 1900 scopiS
567 1862 701 1900 virgeis
734 1871 805 1892 om.
829 1862 919 1900 post
952 1861 1138 1892 rubricam
1166 1861 1203 1891 in
1237 1860 1347 1891 1'nit1'o
1373 1861 1512 1899 capim-'s

157 1910 288 1948 posuit
315 1908 454 1941 Ges-ner
484 1905 495 1948 Η
530 1908 572 1940 10
600 1908 654 1948 Cf.
675 1918 704 1940 c.
724 1912 766 1939 26
801 1905 812 1947 Η
853 1908 894 1939 14
921 1907 960 1939 R.
989 1906 1109 1938 CLXII
1136 1907 1191 1939 De
1217 1908 1305 1938 uino
1332 1907 1475 1938 faecato

162 1956 216 1996 Cf·
243 1957 339 1988 ΡΙὶη.
362 1960 410 1995 14,
430 1960 473 1987 86
514 1952 524 1995 ΙΙ
571 1956 611 1987 17
640 1956 679 1987 R.
714 1954 849 1987 CLXIII
875 1955 1008 1986 Vinum
1046 1955 1273 1993 emptoribus
1300 1963 1373 1993 quo
1401 1953 1513 1985 modo

161 2004 369 2036 admetiaris
407 2001 417 2043 ΙΙ
455 2004 500 2035 20
526 2004 725 2042 opturarier
757 2006 854 2034 recte
880 2002 961 2034 Pol.
988 2002 1270 2040 opturarierecte
1297 1998 1514 2039 (obturarier

161 2052 226 2082 rite
259 2060 281 2081 v
315 2052 472 2082 obturari
508 2053 606 2083 erete
642 2052 698 2082 vel
736 2054 832 2082 crete
865 2050 898 2081 A
930 2050 1088 2081 obturari
1124 2052 1243 2081 erecte
1275 2048 1319 2080 bf
1354 2049 1512 2086 opturari

159 2101 296 2130 errecte
323 2096 357 2137 c)
385 2108 538 2138 apoyr.,·
564 2098 608 2138 cf.
629 2098 772 2129 Hauler
794 2107 831 2137 p.
853 2101 891 2128 14
928 2094 939 2136 ΙΙ
977 2096 1021 2128 22
1043 2097 1094 2128 uti
1115 2097 1151 2127 in
1174 2093 1241 2133 (uti
1264 2096 1334 2127 hoc
1355 2096 1391 2126 in
1406 2094 1439 2127 V
1460 2096 1511 2142 uti

160 2147 198 2176 in
243 2154 375 2185 apoyr.
420 2147 456 2177 et
499 2144 601 2184 Vict.)
649 2142 653 2184 Ι
700 2145 746 2176 de
791 2145 891 2176 dolio
936 2145 1060 2175 uInum
1101 2144 1209 2175 Pont.
1254 2143 1475 2175 decouinum
1510 2144 1511 2180 j

161 2193 206 2224 24
233 2192 273 2224 R.
301 2195 409 2224 CL1111
438 2193 504 2225 Per
536 2193 693 2224 hiemem
731 2201 863 2230 aquam
898 2192 944 2223 de
976 2200 1064 2230 agro
1098 2188 1161 2227 (de
1194 2199 1281 2230 agro
1320 2198 1453 2228 aquam
1479 2189 1513 2220 V

159 2249 293 2279 aquam
328 2240 374 2271 de
400 2249 486 2279 agro
521 2249 653 2280 apoyr.
680 2241 716 2271 et
747 2238 849 2278 vict.)
883 2239 1068 2277 depellere
1111 2235 1122 2276 ΙΙ
1165 2237 1208 2268 25
1242 2237 1370 2268 inciles
1404 2244 1511 2275 puras

160 2286 307 2325 (inciles
341 2287 475 2325 pellere
503 2295 609 2325 puras
636 2286 714 2318 Pol.
742 2287 883 2318 iniciles
922 2286 1056 2324 pellere
1083 2293 1191 2323 puras
1217 2293 1250 2315 m
1279 2284 1412 2323 pellere
1439 2293 1511 2315 om.

162 2335 226 2366 rel.
253 2343 386 2374 apoyr.
413 2337 449 2365 et
470 2334 507 2373 v)
528 2332 539 2373 ΙΙ
560 2334 603 2365 28
630 2337 792 2373 segetem
821 2335 890 2365 del.
918 2333 997 2364 Keil
