1575 2470
166 107 213 142 Vl
689 106 977 142 PRAEFATIO

164 213 324 248 mutatis
360 217 427 248 aut
463 223 543 249 non
581 214 757 253 mutatis,
791 213 1004 257 aliquoties
1041 214 1273 254 effecerunt,
1308 218 1348 248 ut
1380 224 1506 259 genu-

163 267 229 302 ina
256 269 467 302 contextus
493 268 617 302 verba
643 270 732 311 post
759 267 954 301 rubricam
976 267 1106 311 posita
1127 267 1411 308 omitterentur,
1432 268 1506 303 sci-

163 320 254 356 licet
291 329 381 355 cum
417 320 597 356 librarius
640 321 701 355 bis
736 320 844 355 idem
880 320 1053 355 scribere
1085 320 1271 356 noluerit:
1305 321 1413 356 unde
1439 320 1506 356 illa

164 373 1508 415 editores,h.e.modoIucundusvelVictorius,modoGesner

164 427 227 462 vel
255 426 539 468 Schneider,
566 428 689 463 modo
712 426 833 468 Keil,
855 430 945 472 post
972 427 1152 462 rubricae
1177 427 1302 462 verba
1327 428 1508 462 iteranda

165 490 254 516 esse
279 483 386 516 recte
420 483 672 516 censuerunt.
723 479 841 520 Quod
876 480 1025 515 factum
1062 483 1121 515 est
1156 490 1242 524 cap.
1263 480 1307 521 X,
1334 480 1396 521 XI,
1423 480 1504 519 XX.

164 533 275 573 LXX,
304 532 396 574 CVI,
419 532 621 574 CXXXVI,
643 532 720 568 CLI
740 533 806 578 (ex
828 535 966 579 parte),
988 532 1094 574 CLII,
1117 532 1241 574 CLXI.
1264 532 1412 575 CLXII;
1439 534 1507 569 ubi

163 587 214 622 de
236 585 317 622 CVI
339 589 377 622 et
399 586 529 622 CLXII
550 587 821 622 dubitationes
842 587 967 623 movit
995 587 1234 623 Robertus
1261 586 1506 627 Friderici‚

166 640 447 685 disputationis
475 640 552 676 ‘De
587 640 776 676 librorum
804 640 1057 685 antiquorum
1094 640 1269 685 capitum
1305 640 1505 676 divisione

163 696 283 738 atque
309 693 550 729 summariis’
580 694 658 735 (ed.
680 693 882 739 Marpurgi
904 704 938 728 a.
961 694 1065 738 1911)
1087 704 1123 738 p.
1143 693 1200 728 73.
1240 692 1393 733 Quodsi
1420 694 1505 738 qui-

163 747 333 782 busdam
353 747 596 782 rubricarum
617 747 715 782 locis
735 747 859 782 verba
880 748 929 782 ab
951 747 1039 792 ipso
1068 746 1296 782 Marciani
1319 747 1506 782 codicis

164 803 352 835 contextu
381 800 619 845 discrepant,
647 801 922 845 quaerendum
945 800 1027 842 erit,
1048 810 1184 836 nonne
1205 800 1414 836 mutati0ni
1436 810 1506 845 po-

162 853 358 889 tissimum
385 854 425 889 in
452 854 608 889 rubrica
632 854 762 890 factae
782 854 859 889 hoc
879 853 1136 889 tribuendum
1157 853 1217 889 sit.
1257 854 1372 889 Unde
1393 864 1429 899 p.
1449 854 1507 894 46,

162 908 194 948 4,
222 907 289 943 ubi
317 910 528 943 contextus
556 907 718 943 exhibet
744 908 1014 942 convolvolus
1048 909 1088 942 [n
1116 908 1229 942 vinia
1264 917 1314 942 ne
1339 909 1420 943 siet
1444 907 1507 949 (cf.

163 961 276 1005 p.46,
297 960 373 1005 14),
411 961 637 996 cavendum
674 960 756 1002 fuit,
783 970 834 996 ne
863 970 952 996 cum
980 961 1250 996 Fridericio
1278 961 1300 996 l.
1322 971 1352 996 s.
1372 971 1402 997 s.
1429 963 1506 996 sta-

162 1017 364 1050 tueremus
390 1015 659 1050 convolvolus
686 1014 853 1050 formam
881 1023 930 1049 ex
958 1014 1113 1049 rubrica
1133 1014 1387 1056 (Involvolus
1409 1024 1506 1050 con-

165 1069 353 1104 volvolus
375 1069 415 1103 in
438 1069 551 1103 vin1'a
573 1078 623 1103 ne
641 1068 735 1111 siet)
755 1068 855 1103 falso
877 1067 916 1102 in
938 1070 1170 1103 contextum
1197 1067 1328 1112 ipsum
1356 1067 1506 1102 illatam

164 1131 213 1156 ex
241 1122 381 1157 codice
415 1121 633 1166 archetypo
666 1121 886 1166 genuinam
919 1121 1086 1156 formam
1120 1120 1172 1165 (h.
1195 1130 1228 1156 e.
1256 1121 1506 1163 involvolus)

164 1175 383 1220 expulisse;
419 1175 542 1210 inuno
581 1175 827 1220 glossemate
862 1174 1077 1209 subnatum
1114 1183 1203 1209 esse
1239 1174 1337 1208 illud
1372 1175 1507 1209 invol—

163 1229 281 1264 volus
308 1229 489 1273 suspicor
517 1229 566 1262 ad
595 1228 825 1273 exemplum
854 1237 992 1263 eorum
1020 1237 1124 1272 quae
1152 1226 1265 1272 Corp.
1292 1227 1415 1272 gloss.
1442 1227 1507 1262 lat.

163 1282 240 1317 vol.
262 1282 312 1316 IV
338 1292 375 1326 p.
394 1282 475 1322 467,
495 1282 517 1316 7
544 1282 746 1326 leguntur:
774 1282 1022 1316 convolvens
1051 1281 1276 1316 involvens.
1316 1280 1400 1316 Nec
1421 1289 1505 1316 mo-

164 1337 229 1370 vet
268 1345 332 1370 me
371 1334 614 1370 summarii
650 1335 722 1370 toti
758 1334 858 1370 libro
894 1334 1102 1379 praemissi
1134 1334 1283 1369 lemma
1317 1333 1399 1370 ClV
1425 1333 1503 1379 (In-

163 1389 351 1423 volvolus
378 1390 419 1423 in
447 1390 568 1423 vitzecz
596 1398 646 1423 ne
673 1389 760 1430 siv:
788 1398 881 1423 nam
908 1388 1097 1423 lemmata
1130 1388 1196 1422 illa
1223 1398 1302 1423 una
1330 1398 1420 1423 cum
1447 1398 1508 1422 ru-

162 1441 280 1476 bricis
307 1451 355 1476 ex
383 1442 528 1486 quibus
555 1442 734 1487 pendent
760 1443 801 1476 ut
827 1441 923 1476 satis
949 1444 1107 1476 vetusta
1129 1451 1218 1476 esse
1239 1441 1506 1476 Fridericio

163 1496 201 1529 et
228 1494 380 1530 Birtio
407 1494 533 1539 (Krit.
556 1496 637 1530 und
659 1494 861 1530 Hermen.'
886 1505 921 1539 p.
946 1495 1002 1538 12)
1025 1495 1206 1530 concedo
1234 1495 1287 1529 ita
1309 1493 1509 1530 Catonis

163 1557 253 1583 esse
293 1558 383 1583 cum
422 1548 469 1584 H.
496 1548 830 1583 Mutschmann
862 1547 996 1592 (Berl.
1031 1548 1165 1593 philol.
1194 1547 1502 1583 Wochenschr.’

161 1611 195 1636 a.
218 1601 324 1642 1912,
352 1612 388 1646 p.
410 1601 516 1645 1800)
544 1611 668 1647 nego:
704 1601 816 1636 cuius
849 1601 903 1636 rei
931 1603 1167 1647 argumenta
1194 1601 1270 1636 hoc
1298 1601 1388 1636 loco
1416 1610 1505 1646 pro-

161 1654 261 1689 ferre
287 1655 394 1690 nolo.

217 1707 428 1743 Alteram
463 1708 821 1744 emendationis
852 1708 975 1742 viam
1016 1708 1092 1744 loci
1130 1709 1281 1744 similes
1322 1711 1360 1743 et
1399 1708 1509 1743 testi-

164 1761 299 1796 monia
324 1761 518 1806 aperiunt,
545 1761 622 1796 loci
650 1761 800 1797 similes
828 1761 951 1806 ipsius
979 1772 1099 1806 quem
1126 1765 1339 1797 tractamus
1367 1761 1505 1802 libelli,

161 1814 391 1850 testimonia
412 1814 657 1855 Varronis,
678 1815 844 1855 Plinii,
867 1814 1184 1856 Columellae,
1212 1815 1391 1850 aliorum.
1430 1814 1499 1850 At-

162 1876 241 1911 que
266 1867 343 1902 loci
370 1867 424 1902 illi
451 1867 602 1902 similes
638 1878 738 1913 quos
766 1868 847 1903 dixi
876 1868 996 1903 etiam
1024 1868 1215 1904 maiorem
1244 1868 1283 1902 in
1313 1870 1502 1903 contextu

162 1920 443 1956 constituendo
471 1921 745 1956 auctoritatem
774 1921 984 1962 haberent,
1017 1921 1049 1956 si
1078 1922 1259 1956 eiusdem
1292 1920 1505 1966 scriptoris,

161 1974 197 2009 h.
226 1983 260 2009 e.
282 1973 496 2015 Catonis,
534 1984 623 2010 esse
651 1976 850 2010 constaret
877 1975 1029 2010 omnia:
1064 1975 1172 2020 quod
1197 1977 1334 2010 tamen
1361 1975 1412 2009 de
1439 1983 1504 2010 ca-

165 2027 313 2071 pitibus
348 2027 551 2062 nonnullis
585 2030 746 2073 propter
780 2030 1017 2073 argumenta
1051 2027 1150 2063 miro
1187 2027 1309 2063 modo
1336 2027 1504 2071 repetita

161 2083 270 2116 recte
307 2080 346 2115 in
383 2080 675 2116 dubitationem
716 2081 929 2117 vocavisse
965 2081 1152 2116 videntur
1187 2090 1277 2115 cum
1315 2079 1381 2114 alii
1419 2082 1504 2114 tum

163 2133 440 2169 Fridericus
474 2133 565 2169 Leo
593 2133 771 2177 (‘Gesch.
800 2135 836 2169 d.
863 2136 959 2169 rom.
987 2133 1073 2169 Lit.’
1102 2144 1138 2178 p.
1158 2134 1227 2169 273
1253 2132 1372 2177 adn.).
1423 2132 1503 2168 Sed

161 2187 224 2222 fac
251 2186 381 2231 capita
409 2187 608 2231 quaedam
636 2187 775 2222 similis
802 2187 1028 2232 argumenti
1056 2188 1106 2222 ad
1128 2187 1308 2222 diversos
1336 2195 1426 2221 esse
1445 2195 1504 2221 re-

162 2240 348 2275 vocanda
375 2242 576 2275 auctores:
603 2240 657 2274 illi
686 2243 792 2276 certe
820 2240 994 2285 capitum
1021 2250 1102 2275 non
1123 2239 1391 2284 genuinorum
1412 2248 1505 2274 auc1

164 2296 274 2328 tores
300 2292 332 2328 si
360 2295 450 2337 post
478 2291 706 2328 Catonem
734 2293 890 2328 fuerunt
917 2293 966 2328 ab
994 2293 1061 2329 illo
1087 2302 1169 2328 non
1196 2293 1300 2328 adeo
1327 2295 1508 2337 tempore
