1575 2470
129 85 180 122 12
719 77 880 114 Catonis

123 185 278 230 gloriae
307 186 388 220 erit.
434 185 645 221 torcularia
667 186 774 220 bona
801 185 954 221 habere
981 191 1149 232 oportet.
1177 189 1218 222 ut
1244 196 1346 232 opus
1373 188 1480 223 bene

127 238 229 274 effici
259 239 395 284 possit.
448 239 538 274 olea
572 239 639 274 ubi
673 239 777 274 lecta
811 239 897 279 siet,
931 239 1066 275 oleum
1100 240 1169 275 fiat
1196 240 1399 281 continuo,
1426 250 1478 275 ne

128 294 411 337 corrumpatur.
463 291 639 337 cogitato
676 292 893 336 quotannis
925 295 1186 338 tempestates
1212 303 1383 339 magnas
1408 303 1477 328 ve-

80 344 101 379 3
130 346 213 381 nire
241 348 279 380 et
305 345 437 381 oleam
466 345 626 381 deicere
647 346 790 381 solere.
827 345 859 381 si
887 346 964 381 cito
987 346 1193 382 sustuleris
1221 349 1260 382 et
1285 356 1383 382 vasa
1409 356 1477 392 pa-

89 406 106 432 5
127 403 209 436 rata
242 402 366 440 erunt,
394 399 530 434 damni
564 400 662 435 nihil
698 400 769 435 erit
803 410 852 435 ex
884 402 1125 444 tempestate
1159 402 1197 435 et
1226 399 1361 436 oleum
1387 400 1479 435 viri-

78 452 102 486 4
129 454 218 489 dius
246 456 284 489 et
309 453 454 488 melius
479 453 559 489 fiet.
599 454 630 489 si
659 453 698 489 in
719 457 821 489 terra
844 456 882 488 et
901 453 1081 489 tabulato
1104 453 1195 488 olea
1214 452 1381 488 nimium
1409 453 1476 488 diu

128 508 209 548 erit,
242 509 435 552 putescet,
470 506 603 542 oleum
637 507 805 542 fetidum
838 506 917 542 fiet.
971 515 1019 541 ex
1056 506 1198 551 quavis
1225 506 1316 542 olea
1342 506 1478 542 oleum

81 565 103 598 5
129 561 295 596 viridius
323 562 362 596 et
387 560 539 595 bonum
566 560 651 595 fieri
679 564 823 605 potest,
852 560 883 595 si
911 560 1079 604 temperi
1105 560 1240 596 facies.
1273 559 1313 595 in
1339 559 1479 604 iugera

127 613 221 650 oleti
249 619 335 648 cxx
355 623 454 648 vasa
474 613 569 648 bina
591 616 870 659 esseoportet,
892 613 925 648 si
946 613 1098 649 oletum
1119 613 1271 648 bonum
1292 613 1480 657 beneque

75 678 108 704 ιο
127 668 316 712 frequens
338 666 571 711 cultumque
593 666 675 702 erit.
703 670 878 712 trapetos
900 667 1030 703 bonos
1052 666 1186 712 privos
1207 666 1367 711 inpares
1390 675 1480 701 esse

129 723 296 766 oportet,
324 720 356 755 si
383 720 502 755 orbes
530 720 687 755 contriti
724 720 838 761 sient,
867 723 908 755 ut
936 723 1169 755 conmutare
1195 719 1337 765 possis,
1364 719 1479 754 funes

129 775 260 810 loreos
287 773 433 818 privos,
460 777 598 809 vectes
625 783 765 815 senos,
792 773 937 809 fibulas
966 773 1193 814 duodenas,
1222 773 1480 818 medipontos

128 828 261 874 privos
281 827 425 863 loreos.
465 827 680 863 trochileas
702 827 970 863 Graecanicas
994 827 1098 862 binis
1125 827 1285 862 funibus
1311 826 1480 871 sparteis

77 884 100 917 6
127 882 297 917 ducunt:
335 880 524 916 orbiculis
560 881 832 925 superioribus
874 881 1047 921 octonis,
1083 880 1334 916 inferioribus
1370 879 1479 915 senis

74 945 107 970 15
129 935 244 972 citius
271 935 412 969 duces:
440 934 472 968 si
499 935 604 969 rotas
633 934 747 970 voles
767 935 910 975 iacere,
932 934 1083 969 tardius
1105 934 1281 971 ducetur,
1308 933 1381 968 sed
1407 932 1479 967 mi-

91 987 170 1034 1111]
221 997 319 1024 nore
354 987 504 1023 labore.
554 987 706 1024 bubilia
747 988 872 1029 bona,
907 988 1036 1023 bonas
1065 987 1271 1032 praesepis
1304 986 1480 1022 Faliscas

128 1043 323 1082 clatratas,
351 1041 494 1076 clatros
521 1040 716 1076 interesse
744 1044 901 1086 oportet
927 1041 1044 1086 pede.
1090 1040 1122 1075 si
1150 1040 1203 1076 ita
1229 1039 1382 1080 feceris,
1409 1049 1478 1084 pa-

128 1095 264 1131 bulum
291 1095 420 1130 boves
446 1104 528 1129 non
556 1093 715 1129 eicient.
757 1094 895 1129 villam
917 1094 1112 1129 urbanam
1134 1102 1204 1138 pro
1227 1092 1343 1138 copia
1370 1092 1479 1128 aedi-

127 1149 258 1184 ficato.
310 1148 349 1183 in
382 1148 491 1183 bono
524 1147 691 1192 praedio
720 1147 752 1183 si
785 1148 891 1183 bene
919 1146 1214 1187 aedificaveris,
1241 1147 1347 1182 bene
1374 1146 1480 1192 posi-

72 1210 109 1237 20
129 1202 245 1243 veris,
272 1201 349 1236 ruri
377 1201 408 1236 si
436 1203 544 1236 recte
570 1201 827 1241 habitaveris,
849 1201 1039 1237 libentius
1067 1204 1105 1236 et
1132 1200 1294 1245 saepius
1320 1199 1478 1235 venies:

126 1256 272 1290 fundus
307 1254 452 1290 melius
489 1254 570 1295 erit,
607 1255 739 1290 minus
776 1254 1018 1299 peccabitur,
1055 1254 1168 1289 fructi
1207 1253 1296 1299 plus
1332 1252 1479 1298 capies.

126 1309 233 1344 frons
265 1307 454 1353 occipitio
488 1307 593 1352 prior
627 1312 702 1344 est:
735 1308 878 1343 vicinis
912 1308 1044 1343 bonus
1073 1309 1176 1348 esto;
1209 1306 1401 1342 familiam
1428 1316 1479 1342 ne

127 1362 267 1398 siveris
294 1371 476 1406 peccare.
521 1361 553 1397 si
579 1365 621 1397 te
647 1361 818 1397 libenter
837 1361 1025 1399 vicinitas
1046 1360 1210 1401 videbit,
1230 1359 1385 1396 facilius
1411 1362 1479 1395 tua

127 1416 293 1456 vendes,
309 1413 483 1460 opera[s]
505 1415 661 1450 facilius
676 1415 840 1456 locabis,
854 1414 1060 1460 operarios
1080 1413 1236 1449 facilius
1257 1413 1478 1449 conduces:

72 1477 107 1503 25
127 1469 158 1504 si
186 1468 432 1509 aedificabis,
460 1469 604 1514 operis,
641 1468 841 1509 iumentis,
877 1465 1100 1512 materi[a]e
1136 1466 1401 1501 adiuvabunt:
1429 1465 1478 1501 si-

129 1522 224 1568 quid
251 1522 359 1557 bona
386 1521 516 1556 salute
542 1531 639 1556 usus
665 1521 832 1561 venerit,
859 1520 1038 1565 benigne
1066 1519 1295 1555 defendent.

75 1574 121 1620 Vl
175 1575 286 1610 Haec
314 1577 428 1609 erunt
454 1574 562 1610 vilici
591 1573 735 1609 officia.
788 1573 999 1619 disciplina
1026 1573 1133 1609 bona
1166 1574 1305 1607 utatur.
1356 1571 1478 1607 feriae

129 1631 347 1665 serventur.
399 1628 532 1663 alieno
560 1637 725 1663 manum
753 1628 969 1668 abstineat,
997 1636 1069 1662 sua
1096 1629 1228 1662 servet
1254 1625 1478 1671 diligenter.

129 1682 263 1718 litibus
289 1681 440 1716 familia
460 1681 742 1726 supersedeat:
771 1681 896 1727 siquis
919 1680 1014 1726 quid
1036 1679 1259 1725 deliquerit,
1279 1689 1350 1724 pro
1371 1688 1479 1715 noxa

80 1736 102 1770 2
129 1737 236 1772 bono
263 1735 386 1771 modo
413 1734 604 1770 vindicet.
655 1734 831 1770 familiae
870 1734 976 1770 male
1002 1743 1054 1769 ne
1090 1734 1149 1775 sit,
1176 1742 1228 1768 ne
1254 1733 1399 1778 algeat,
1427 1742 1479 1768 ne

69 1797 105 1823 31
130 1789 291 1825 esuriat:
329 1797 452 1833 opere
480 1788 584 1824 bene
613 1791 810 1829 exerceat,
837 1787 993 1823 facilius
1029 1786 1134 1822 malo
1164 1789 1202 1822 et
1228 1786 1362 1822 alieno
1389 1795 1477 1831 pro-

129 1842 292 1878 hibebit.
332 1841 474 1877 vilicus
501 1841 534 1877 si
560 1841 671 1877 nolet
697 1841 804 1877 male
830 1842 972 1882 iacere,
1000 1850 1081 1876 non
1107 1840 1237 1876 faciet.
1276 1839 1308 1875 si
1334 1849 1478 1884 passus

176 1983 196 2015 3
218 1983 319 2022 quod
338 1983 445 2014 annis
466 1982 498 2013 A
520 1986 610 2021 quot
634 1983 742 2014 annis
764 1982 793 2014 V
820 1984 857 2014 et
875 1981 1100 2022 apoyrapha
1128 1981 1334 2012 recentiora
1354 1976 1366 2018 Η
1387 1979 1405 2010 7
1433 1988 1478 2011 ex

129 2031 210 2062 cod.
230 2030 359 2062 Medic.
386 2039 419 2061 rn
446 2031 483 2061 et
507 2038 602 2061 corr.
623 2029 656 2061 A
683 2033 719 2061 et
761 2026 772 2068 ΙΙ
815 2028 836 2061 8
862 2028 1011 2060 viridius
1038 2031 1073 2059 et
1099 2028 1215 2059 deleri
1241 2028 1351 2059 iussit
1376 2026 1476 2062 Keil:

131 2079 280 2110 tutatur
305 2077 448 2109 Hauler
471 2087 507 2116 p.
529 2080 568 2108 12
596 2075 606 2116 Η
635 2077 677 2108 14
705 2077 841 2109 ducunt
860 2076 940 2108 Keil
967 2075 1102 2107 ducant
1135 2072 1140 2114 Ι
1175 2074 1346 2106 orbiculis
1372 2082 1395 2104 v
1421 2082 1477 2105 ur-

130 2124 259 2157 biculis
302 2122 314 2164 ΙΙ
353 2124 394 2156 15
428 2124 605 2155 ducentur
630 2133 653 2155 v
672 2121 683 2163 ΙΙ
706 2123 747 2156 16
775 2123 814 2156 R.
829 2123 877 2155 VI
902 2123 1047 2154 Bubilia
1072 2123 1123 2154 uti
1155 2122 1250 2154 bene
1284 2120 1479 2153 aedificata

130 2172 279 2204 habeas.
315 2171 459 2203 Bubilia
478 2169 488 2210 l}
510 2171 553 2202 19
581 2170 634 2211 Cf.
656 2172 750 2204 Plin.
773 2174 821 2209 18,
841 2175 896 2208 31:
915 2174 955 2201 44
984 2168 995 2209 ΙΙ
1023 2170 1064 2201 21
1094 2169 1223 2201 melius
1250 2168 1476 2208 apographa

128 2221 338 2251 recentiora
366 2221 402 2251 et
425 2218 511 2250 Vict.
534 2219 659 2250 melior
678 2218 756 2254 VA,
777 2218 856 2250 Keil
876 2215 886 2257 ΙΙ
906 2217 951 2249 24
977 2218 1046 2249 del.
1068 2216 1237 2249 Schneid.
1257 2213 1269 2255 u
1287 2215 1332 2247 27
1360 2214 1400 2247 R.
1414 2214 1478 2246 VII

131 2266 236 2298 Vilici
263 2266 386 2298 officia
420 2264 425 2304 1
458 2265 512 2305 Cf.
539 2266 634 2297 Ptin.
657 2269 705 2304 18,
725 2269 786 2303 36;
808 2264 949 2298 Colum.
972 2270 998 2302 1,
1019 2267 1039 2295 8
1070 2261 1081 2303 ΙΙ
1112 2263 1156 2295 29
1182 2263 1319 2294 familia
1345 2263 1423 2294 Pol.
1445 2262 1478 2294 A

132 2313 290 2345 familiae
317 2313 542 2354 apoyrapha
571 2315 777 2346 recentiora
797 2310 808 2352 ss
829 2312 873 2345 30
901 2311 956 2351 Cf.
982 2313 1076 2344 Ptin.
1099 2314 1146 2347 18,
1167 2315 1206 2341 44
