1618 2470
542 39 602 74 De
629 39 713 84 agri
742 39 893 74 cultura
921 49 951 74 c.
976 40 1113 74 11-14
1461 48 1511 86 19

208 148 248 183 ln
274 146 418 183 cellam
445 146 636 181 oleariam
664 146 765 181 haec
791 155 894 190 opus
920 148 1024 181 sunt.
1071 146 1178 182 dolia
1206 148 1367 189 olearia,
1395 158 1509 193 oper·
1536 150 1558 184 2

157 202 263 242 cula,
298 200 409 235 labra
445 199 596 235 olearia
622 207 728 240 X1111,
766 208 913 235 concas
950 199 1112 235 maioris
1140 208 1166 234 11
1204 203 1242 236 et
1279 202 1444 238 minoris
1471 210 1510 244 11,

156 254 292 290 trullas
313 253 491 288 aheneas
510 252 590 294 tris,
606 253 821 298 amphoras
836 253 1008 289 olearias
1025 261 1063 294 11,
1079 262 1245 289 urceum
1260 255 1469 300 aquarium
1485 264 1507 295 1,
1535 256 1556 290 3

159 317 297 343 urnam
317 305 706 352 quinquagenariam
728 314 751 347 1,
773 307 989 342 sextarium
1012 308 1205 344 olearium
1228 316 1250 349 1,
1272 308 1463 344 labellum
1486 318 1508 350 1,

158 361 366 397 infidibula
385 370 423 403 11,
445 370 650 406 spongeas
671 368 708 401 11,
731 369 873 396 urceos
893 360 1036 396 fictiles
1057 369 1095 403 11,
1123 362 1284 397 urnales
1304 369 1342 402 11,
1370 362 1508 398 trullas
1546 372 1563 397 5

157 415 313 460 ligneas
340 423 378 456 11,
406 415 541 451 claves
569 423 659 450 cum
687 413 841 449 clostris
868 413 908 448 in
936 414 1058 449 cellas
1086 423 1124 456 11,
1148 415 1335 450 trutinam
1365 423 1387 456 ῐ,
1417 425 1506 450 cen-

156 468 438 513 tumpondium
464 468 660 503 incertum
687 475 698 502 1
727 470 765 503 et
791 468 973 513 pondera
1000 470 1143 503 cetera.

202 521 348 557 Villam
375 521 670 557 aedificandam
697 521 730 556 si
757 521 910 557 locabis
931 531 1081 557 novam
1102 523 1152 557 ab
1174 522 1273 563 solo,
1300 523 1411 557 faber
1462 522 1577 568 [XIIII

157 576 257 611 haec
288 575 408 611 faciat
439 577 607 620 oportet.
647 575 820 620 parietes
853 584 1006 615 omnes,
1040 575 1095 610 uti
1130 575 1302 616 iussitur,
1332 576 1443 612 calce
1471 580 1507 612 et

156 628 388 670 caementis,
411 628 513 673 pilas
535 637 584 664 ex
605 628 740 673 lapide
761 628 955 674 angulari,
976 628 1088 673 tigna
1109 629 1256 669 omnia,
1279 639 1383 674 quae
1405 639 1507 675 opus
1529 638 1562 664 10

155 684 258 724 sunt,
292 681 441 723 limina,
474 684 624 727 postes,
660 681 907 727 iugumenta,
945 691 1112 723 asseres,
1140 682 1366 723 fulmentas,
1394 692 1506 727 prae-

156 735 263 781 sepis
289 735 420 771 bubus
446 735 635 771 hibernas
662 735 837 771 aestivas
858 735 1045 776 Faliscas‚
1074 736 1218 781 equile,
1247 736 1369 771 cellas
1395 736 1506 771 fami·
1534 737 1555 771 2

157 789 245 831 liae,
267 789 445 825 carnaria
466 796 518 829 111,
547 789 698 830 orbem,
720 789 878 824 ahenea
899 796 936 829 11,
964 788 1081 824 haras
1103 796 1141 830 X,
1169 789 1316 831 focum,
1344 790 1505 824 ianuam

156 842 372 878 maximam
407 844 445 878 et
471 842 637 878 alteram
670 852 792 887 quam
818 842 929 878 volet
963 842 1161 883 dominus,
1195 843 1401 884 fenestras,
1429 843 1506 878 cla-

154 899 235 931 tros
255 895 295 930 in
315 895 510 931 fenestras
532 896 693 931 maioris
714 895 913 941 bipedalis
929 903 967 936 X,
983 895 1160 938 lumina<
1166 895 1250 938 ria>
1263 903 1318 937 Vl,
1340 906 1505 932 scamna
1528 905 1560 931 15

155 956 208 990 111,
244 949 364 985 sellas
389 956 429 990 V,
464 950 567 985 telas
602 949 749 995 togalis
786 950 897 990 duas,
937 947 1163 993 [luminaria
1190 948 1247 994 Vl]
1285 949 1504 995 paullulam

156 1002 279 1048 pilam
300 1002 368 1038 ubi
387 1002 559 1038 triticum
580 1003 712 1048 pinsat
732 1011 756 1043 Ι,
779 1003 988 1038 fulloniam
1009 1010 1032 1044 Ι,
1061 1005 1387 1048 antepagmenta,
1408 1013 1505 1038 vasa

151 1056 306 1092 torcula
332 1064 372 1092 11.
421 1056 499 1091 hae
531 1056 586 1092 rei
621 1056 826 1091 materiem
861 1058 899 1091 et
932 1066 1037 1101 quae
1070 1065 1172 1101 opus
1199 1059 1291 1092 sunt
1318 1057 1505 1092 dominus
1532 1058 1553 1092 3

156 1109 362 1154 praebebit
395 1112 434 1145 et
465 1110 517 1145 ad
550 1119 653 1155 opus
689 1109 810 1150 dabit,
838 1119 987 1145 serram
1015 1118 1038 1150 1,
1066 1109 1214 1145 lineam
1242 1118 1253 1144 1
1282 1110 1503 1154 (materiem

155 1164 362 1198 dumtaxat
397 1163 589 1205 succidet,
626 1163 795 1203 dolabit,
832 1162 986 1198 secabit
1019 1162 1221 1208 facietque
1259 1163 1504 1207 conductor),
1525 1171 1559 1198 20

156 1216 342 1262 lapidem,
370 1217 534 1258 calcem,
561 1217 766 1258 harenam,
788 1226 946 1261 aquam,
967 1216 1117 1261 paleas,
1139 1219 1283 1252 terram
1312 1217 1420 1252 unde
1447 1216 1503 1251 lu-

152 1275 237 1304 tum
263 1270 342 1305 fiat.
383 1270 416 1305 si
444 1270 494 1305 de
522 1270 636 1306 caelo
664 1270 758 1305 villa
785 1272 890 1305 tacta
917 1270 1003 1311 siet,
1031 1270 1082 1304 de
1109 1279 1157 1305 ea
1177 1280 1219 1305 re
1240 1269 1423 1314 v<er>ba
1449 1270 1503 1305 uti

152 1321 317 1368 fia<n>t.
368 1323 461 1359 huic
497 1323 608 1368 operi
644 1323 816 1368 pretium
852 1324 902 1358 ab
939 1323 1104 1359 domino
1141 1324 1267 1364 bono,
1296 1324 1363 1369 qui
1399 1324 1504 1359 bene

154 1377 344 1421 praebeat
377 1386 481 1422 quae
514 1386 616 1421 opus
650 1379 741 1412 sunt
769 1379 807 1412 et
834 1386 1021 1412 nummos
1053 1376 1135 1412 fide
1160 1377 1269 1413 bona
1296 1377 1437 1418 solvat,
1465 1377 1502 1412 in

150 1430 309 1476 tegulas
344 1430 524 1476 singulas
551 1438 577 1465 11
605 1437 637 1465 S.
688 1433 838 1465 tectum
871 1430 928 1466 sic
954 1430 1244 1466 numerabitur:
1281 1431 1419 1476 tegula
1446 1431 1502 1466 in·
1529 1433 1551 1466 4

151 1488 264 1529 tegra
299 1493 404 1529 quae
440 1484 528 1524 erit,
556 1493 661 1529 quae
694 1494 775 1519 non
813 1484 895 1525 erit,
932 1484 1041 1519 unde
1075 1486 1214 1529 quarta
1247 1494 1338 1529 pars
1365 1484 1501 1524 aberit,
1523 1492 1557 1519 26

153 1538 258 1573 duae
284 1546 354 1582 pro
383 1547 473 1578 una,
501 1537 737 1573 conliciares
758 1547 863 1582 quae
885 1539 999 1572 erunt
1019 1546 1090 1582 pro
1112 1537 1216 1572 binis
1241 1538 1502 1583 putabuntur;

148 1590 281 1626 vallus
307 1593 405 1636 quot
431 1593 557 1632 erunt,
584 1590 623 1625 in
651 1590 831 1636 singulas
858 1593 1077 1636 quaternae
1104 1591 1430 1628 numerabuntur.

198 1644 302 1680 Villa
328 1644 462 1690 lapide
490 1645 611 1680 calce.
647 1645 909 1680 fundamenta
929 1655 1049 1690 supra
1075 1648 1219 1680 terram
1247 1646 1364 1691 pede,
1394 1648 1500 1681 cete-

202 1755 216 1786 1
246 1754 286 1787 R.
307 1754 387 1786 XVI
413 1754 453 1786 In
479 1755 571 1787 cella
597 1756 733 1787 olearia
759 1764 854 1794 quae
881 1764 975 1794 opus
1002 1758 1074 1787 sint
1123 1753 1134 1795 ΙΙ
1187 1756 1206 1788 7
1234 1756 1409 1787 incertum
1437 1757 1501 1787 ob—

144 1811 309 1840 scurum,
336 1804 406 1835 del.
433 1803 513 1834 Keil
540 1800 551 1842 11
583 1802 604 1834 8
631 1802 670 1835 R.
691 1802 788 1835 XVII
813 1802 945 1834 Villam
972 1804 1241 1835 aedificandam
1268 1803 1298 1834 si
1326 1804 1466 1835 locabis
1492 1803 1493 1819 ¹

154 1849 195 1882 13
222 1850 347 1882 orbem
374 1859 445 1882 om.
472 1850 562 1888 Pol„
591 1851 678 1882 add.
706 1860 839 1890 apoyr.
859 1848 870 1890 ΙΙ
893 1851 946 1882 15.
971 1850 1012 1882 16
1041 1852 1187 1882 maioris
1214 1851 1352 1882 lumina
1377 1854 1420 1882 VI
1448 1851 1499 1882 bi-

152 1896 293 1935 pedalis
318 1901 347 1928 X
378 1905 529 1929 scamna
561 1902 602 1929 111
635 1898 744 1930 sellas
769 1902 798 1929 V
824 1899 916 1930 telas
950 1898 1084 1937 togalis
1117 1898 1208 1930 duas
1240 1898 1433 1930 luminaria
1458 1902 1498 1929 VI

152 1943 348 1983 paullulam
388 1945 498 1983 pilam
537 1946 635 1983 cod„
675 1946 738 1977 ubi
776 1940 1024 1986 lumina<ria>
1053 1949 1096 1977 VI
1136 1948 1173 1978 et
1211 1943 1416 1984 [luminaria
1441 1944 1498 1983 VI]

142 1992 346 2030 *Mem-sius,
380 1993 492 2024 verba
526 1993 675 2025 traiecit
700 1993 780 2024 Keil
812 2001 855 2025 ex
877 1995 989 2032 parte
1022 2002 1102 2025 cum
1130 2002 1153 2024 v
1196 1990 1207 2032 l}
1253 1992 1307 2024 19.
1328 1993 1373 2024 20
1400 1993 1500 2024 dabit

149 2039 314 2071 succidet
345 2039 484 2070 dolabit
515 2048 648 2071 serram
676 2044 687 2071 1
716 2041 850 2072 lineam
878 2044 889 2071 1
916 2041 1103 2072 materiam
1143 2041 1329 2072 dumtaxat
1361 2040 1500 2072 secabit

149 2086 349 2126 facietque:
376 2088 525 2118 traiecit
549 2089 586 2119 et
610 2089 795 2120 materiem
823 2089 992 2127 reposuit
1016 2088 1097 2119 Keil
1125 2085 1136 2127 ΙΙ
1164 2088 1221 2120 22.
1241 2088 1286 2120 23
1312 2088 1363 2119 uti
1389 2088 1498 2119 verba

149 2133 241 2167 fiant
265 2143 310 2171 m,
337 2135 401 2166 ubi
425 2134 536 2166 verba
555 2135 605 2166 uti
632 2135 722 2166 fiant
740 2135 822 2167 Keil
840 2132 851 2174 ΙΙ
872 2134 927 2167 25.
948 2135 993 2166 26
1020 2139 1047 2166 11
1068 2138 1102 2167 S.
1128 2135 1209 2167 Keil
1235 2139 1262 2166 11
1283 2135 1320 2166 id
1343 2133 1347 2173 Ι
1370 2135 1498 2166 solvat.

147 2183 282 2213 tectum
318 2181 371 2213 sic
406 2182 666 2214 numerabitur:
702 2183 827 2222 tegula
862 2183 1002 2222 integra
1037 2191 1133 2221 quae
1168 2183 1249 2219 erit,
1284 2183 1321 2213 in
1357 2182 1498 2221 tegulas

146 2228 313 2268 singulas
340 2233 367 2260 11
394 2231 426 2264 S.
455 2237 550 2268 quae
584 2238 660 2261 non
695 2230 761 2261 erit
786 2230 866 2262 Keil
899 2226 961 2269 (cf.
980 2229 1124 2262 Hauler
1147 2239 1184 2269 p.
1200 2228 1255 2266 18)
1275 2227 1286 2269 ΙΙ
1306 2229 1351 2261 28
1382 2229 1497 2260 vallus

144 2276 299 2307 ,tutatur
319 2276 460 2308 Hauler
477 2285 513 2315 ρ.
532 2280 578 2314 19,
606 2276 689 2307 valli
710 2277 789 2308 Keil
811 2275 816 2313 Ι
839 2277 939 2316 quod
958 2274 970 2316 ΙΙ
990 2276 1035 2308 29
1060 2285 1106 2309 ex
1132 2277 1256 2316 lapide
1278 2277 1397 2315 Pont„
1418 2276 1497 2307 Keil
