1618 2470
471 100 531 135 De
559 100 642 145 agri
671 100 820 134 cultura
851 110 880 134 c.
912 100 1097 134 151—156
1411 105 1467 144 65

108 210 266 253 oportet
286 208 342 243 uti
361 207 468 242 fluat.
491 207 530 241 in
551 207 657 248 villa,
679 216 769 242 cum
792 207 912 251 pluet,
935 206 1142 242 circumire
1163 209 1330 252 oportet,
1351 207 1453 242 sicu·
1480 208 1502 242 2

108 261 150 296 bi
176 261 375 306 perpluat,
412 263 450 296 et
486 260 647 305 signare
683 261 877 300 carbone,
920 270 1010 295 cum
1046 260 1208 295 desierit
1234 261 1384 304 pluere,
1411 259 1467 295 uti

108 314 248 361 tegula
274 316 459 350 mutetur.
485 323 557 359 per
584 316 768 358 segetem
788 313 829 349 in
848 313 1057 349 frumentis
1078 316 1146 348 aut
1166 313 1206 348 in
1233 317 1374 358 segete
1401 318 1469 349 aut

109 369 150 403 in
176 367 293 404 fossis
326 367 455 403 sicubi
492 377 598 412 aqua
631 369 788 402 constat
820 369 888 402 aut
921 367 1073 412 aliquid
1100 376 1231 411 aquae
1259 367 1401 408 obstat,
1428 367 1468 402 id

112 421 305 463 emittere,
332 420 513 467 patefieri
538 420 821 466 removerique
849 422 1018 465 oportet.
1506 429 1524 456 5

156 474 219 510 De
243 474 421 510 brassica
447 474 557 519 quod
584 474 810 519 concoquit.
863 474 1040 509 brassica
1069 477 1127 509 est
1155 484 1259 519 quae
1286 483 1371 510 om-
1411 472 1543 519 [CLVI

110 528 229 564 nibus
254 527 460 564 holeribus
487 527 660 563 antistat.
705 537 795 563 eam
817 529 904 563 esto
924 527 990 562 vel
1020 530 1176 563 coctam
1198 527 1263 563 vel
1291 528 1468 563 crudam.

110 582 276 617 crudam
303 581 336 617 si
363 582 472 622 edes,
500 581 540 616 in
567 583 726 616 acetum
763 580 992 626 intinguito.
1044 580 1212 616 mirifice
1240 580 1467 625 concoquit,

110 635 247 671 alvum
280 635 430 671 bonam
462 635 566 676 facit,
600 634 825 679 lotiumque
857 634 908 669 ad
942 643 1085 670 omnes
1118 644 1180 670 res
1210 635 1370 669 salubre
1397 637 1468 670 est.

110 688 143 724 si
167 688 282 724 voles
302 689 342 724 in
364 688 552 724 convivio
574 688 742 723 multum
764 688 904 723 bibere
925 697 1152 733 cenareque
1173 688 1353 729 libenter,
1375 690 1468 723 ante
1490 696 1523 724 10

112 751 257 777 cenam
285 744 370 778 esto
398 742 562 777 crudam
590 744 785 786 quantum
811 741 927 777 voles
961 751 1010 777 ex
1043 744 1171 783 aceto,
1199 744 1238 777 et
1264 741 1371 783 item,
1399 742 1466 776 ubi

111 795 338 835 cenaveris,
377 797 558 831 comesto
598 795 733 839 aliqua
759 802 787 829 V
819 794 930 830 folia:
964 795 1105 830 reddet
1137 798 1176 830 te
1216 795 1329 839 quasi
1369 794 1465 830 nihil

115 848 258 890 ederis,
284 848 483 893 bibesque
509 850 703 893 quantum
730 848 855 883 voles.

156 900 306 937 Alvum
327 901 360 937 si
380 902 495 937 voles
516 901 677 937 deicere
694 902 954 946 superiorem,
970 902 1117 937 sumito
1138 902 1341 937 brassicae
1362 912 1466 946 quae
1492 904 1514 937 2

111 955 317 990 levissima
353 955 425 990 erit
457 962 491 991 P.
519 962 587 990 1111.
615 955 710 990 inde
745 955 865 991 facito
902 955 1132 1001 manipulos
1168 956 1360 1000 aequales
1386 958 1465 990 tres
1487 964 1521 990 15

111 1008 410 1054 conligatoque.
445 1011 588 1054 postea
609 1008 730 1044 ollam
752 1009 914 1044 statuito
942 1018 1033 1044 cum
1056 1019 1172 1054 aqua.
1201 1009 1268 1044 ubi
1297 1009 1469 1053 occipiet

110 1062 276 1102 fervere,
302 1061 507 1107 paulisper
538 1062 737 1098 demittito
770 1072 895 1097 unum
929 1063 1191 1107 manipulum,
1218 1063 1373 1098 fervere
1400 1063 1469 1097 de-

111 1115 234 1151 sistet.
285 1117 427 1160 postea
454 1116 521 1151 ubi
554 1115 728 1160 occipiet
759 1115 930 1156 fervere,
959 1116 1163 1160 paulisper
1190 1116 1388 1151 demittito
1417 1116 1468 1150 ad

112 1169 279 1205 modum
301 1169 396 1204 dum
418 1169 597 1214 quinque
617 1178 817 1210 numeres,
837 1169 1014 1205 eximito.
1042 1170 1138 1205 item
1158 1170 1278 1205 facito
1300 1169 1467 1204 alterum
1493 1170 1516 1204 3

113 1222 373 1267 manipulum,
395 1221 490 1258 item
516 1222 688 1258 tertium.
726 1224 868 1266 postea
895 1223 1080 1264 conicito,
1103 1223 1351 1264 contundito,
1373 1222 1468 1258 item
1489 1231 1524 1258 20

114 1275 279 1311 eximito
306 1275 346 1311 in
372 1275 552 1317 linteum,
575 1279 771 1321 exurgeto
800 1286 941 1312 sucum
963 1278 1077 1321 quasi
1098 1277 1304 1312 heminam
1331 1276 1371 1311 in
1398 1285 1468 1321 po-

113 1328 248 1364 cillum
274 1328 408 1364 fictile.
447 1338 496 1364 eo
517 1329 644 1365 indito
665 1330 760 1365 salis
781 1330 927 1366 micam
949 1330 1063 1376 quasi
1086 1340 1225 1366 ervum
1253 1333 1291 1365 et
1319 1330 1465 1365 cumini

111 1382 212 1418 fricti
237 1384 391 1418 tantum
418 1383 528 1428 quod
554 1382 673 1418 oleat.
712 1386 854 1428 postea
875 1384 1015 1428 ponito
1037 1384 1229 1429 pocillum
1255 1384 1295 1419 in
1323 1393 1467 1418 sereno

112 1437 246 1471 noctu.
285 1435 353 1481 qui
373 1438 539 1480 poturus
561 1436 644 1477 erit,
668 1437 775 1472 lavet
802 1437 943 1478 calida,
971 1437 1082 1472 bibat
1108 1446 1255 1482 aquam
1284 1437 1467 1476 mulsam,

114 1489 233 1525 cubet
258 1488 480 1525 incenatus.
530 1492 673 1534 postea
699 1499 819 1525 mane
846 1490 956 1525 bibat
982 1499 1123 1525 sucum
1151 1490 1467 1535 deambuletque
1493 1492 1515 1525 4

112 1543 232 1579 horas
258 1550 327 1585 1111,
354 1545 459 1588 agat,
486 1541 670 1589 negoti[i]
698 1543 830 1589 siquid
858 1543 1034 1579 habebit.
1073 1543 1141 1578 ubi
1168 1543 1293 1579 libido
1320 1544 1468 1584 veniet,
1489 1553 1522 1578 25

113 1594 310 1642 nausia[e]
338 1596 632 1642 adprehendet,
660 1597 877 1632 decumbat
909 1599 1134 1642 purgetque
1160 1606 1262 1632 sese.
1314 1599 1467 1632 tantum

113 1649 204 1685 bilis
229 1649 478 1695 pituitaeque
506 1650 635 1690 eiciet,
662 1649 718 1685 uti
745 1649 832 1695 ipse
865 1650 1037 1691 miretur,
1065 1651 1173 1685 unde
1199 1652 1355 1686 tantum
1382 1650 1468 1685 siet.

114 1704 257 1747 postea
288 1703 356 1738 ubi
390 1704 579 1739 deorsum
606 1713 746 1739 versus
779 1703 866 1744 ibit,
894 1704 1100 1739 heminam
1134 1706 1202 1739 aut
1228 1704 1351 1749 paulo
1379 1704 1467 1749 plus

114 1755 235 1791 bibat.
274 1756 307 1791 si
333 1756 505 1801 amplius
525 1757 607 1798 ibit,
629 1756 775 1792 sumito
802 1757 953 1792 farinae
980 1757 1159 1792 minutae
1186 1766 1334 1793 concas
1356 1758 1466 1798 duaS,
1487 1766 1523 1794 30

114 1809 244 1844 infriet
269 1809 310 1844 in
336 1819 494 1855 aquam,
527 1810 692 1855 paulum
725 1810 852 1852 bibat,
880 1810 1106 1846 constituet.
1155 1820 1295 1846 verum
1323 1811 1469 1855 quibus
1493 1813 1517 1847 5

114 1862 286 1897 tormina
306 1863 476 1898 molesta
497 1866 622 1903 erunt,
640 1862 918 1908 brassica<m>
940 1863 980 1898 in
1002 1873 1107 1908 aqua
1127 1873 1332 1899 macerare
1352 1874 1467 1909 opor-

115 1917 182 1951 tet.
234 1915 302 1951 ubi
328 1919 530 1951 macerata
559 1916 647 1957 erit,
675 1917 820 1952 coicito
853 1917 893 1952 in
920 1927 1066 1961 aquam
1095 1917 1277 1958 calidam,
1306 1917 1467 1962 coquito

162 2013 184 2045 6
211 2013 250 2046 R.
279 2013 401 2045 CLXV
433 2014 489 2046 De
523 2016 685 2047 brassica
711 2016 812 2054 quod
844 2016 1112 2047 medicamenta
1147 2016 1282 2048 habeat
1316 2018 1353 2047 et
1386 2016 1467 2047 aliis

117 2062 165 2092 ad
190 2061 412 2093 medicinam
434 2064 701 2100 pertinentibus
724 2060 728 2102 1
753 2062 806 2102 Cf.
823 2063 919 2095 Plin.
942 2066 990 2101 19,
1005 2067 1056 2094 57.
1075 2066 1127 2101 20,
1144 2066 1182 2094 78
1200 2060 1211 2102 ΙΙ
1233 2063 1276 2095 10
1292 2062 1346 2103 Cf.
1365 2063 1467 2095 Varr.

118 2112 145 2146 l,
166 2112 196 2147 2,
210 2112 252 2140 28
270 2105 281 2148 ΙΙ
303 2108 345 2141 13
372 2109 491 2141 ederis
517 2119 541 2141 v
567 2110 696 2142 ederes
716 2107 726 2150 Η
749 2110 791 2141 17
819 2111 998 2142 demittito
1025 2109 1090 2141 Av
1116 2110 1286 2142 dimittito
1306 2107 1317 2150 ΙΙ
1337 2110 1382 2142 24
1408 2119 1467 2142 ca-

116 2156 191 2187 lida
215 2155 260 2187 fv
285 2157 405 2188 cauda
441 2154 452 2195 ΙΙ
489 2157 533 2188 27
560 2158 631 2189 del.
659 2167 792 2197 apoyr.
818 2158 903 2190 Ital.
941 2155 952 2196 ΙΙ
989 2157 1035 2188 29
1061 2157 1232 2189 deorsum
1260 2155 1330 2196 (sic
1356 2152 1422 2197 ΑΞ)
1450 2167 1468 2189 e

117 2204 268 2235 coniect.
289 2204 368 2235 Pol.
396 2204 573 2235 deoritum
594 2201 605 2244 ΙΙ
624 2204 670 2237 30
696 2205 858 2237 conchas
878 2204 964 2236 Vbi
989 2213 1125 2237 concas
1151 2204 1213 2237 Ac
1232 2201 1243 2244 11
1263 2205 1307 2238 32
1335 2206 1467 2237 brassi-

117 2259 196 2281 cam
223 2251 260 2282 in
280 2260 413 2290 aquam
439 2251 471 2282 V
498 2252 659 2284 brassica
684 2253 721 2283 in
748 2261 845 2291 aqua
871 2261 1005 2292 apoyr.
1051 2249 1056 2291 Ι
1102 2252 1209 2284 Hunc
1236 2254 1356 2285 locam
1386 2262 1466 2285 cam

119 2295 221 2330 Orib.
242 2301 271 2337 1,
291 2301 353 2329 278
378 2300 538 2330 contulit
556 2299 596 2331 P.
611 2300 775 2331 Reutlzer
799 2297 867 2338 (De
890 2299 1047 2331 Catonis
1074 2324 1081 2331 .
1105 2325 1111 2331 .
1134 2324 1141 2332 .
1170 2301 1339 2339 vestiyiis
1365 2301 1469 2339 apud

120 2342 300 2384 Graecos)
323 2355 360 2385 p.
380 2350 421 2376 22
431 2355 511 2385 sqq.
