1575 2470
487 81 547 117 De
573 81 658 126 agri
686 81 839 116 cultura
865 90 896 116 c.
923 80 1016 115 3—5
1381 85 1431 124 13

80 189 168 230 erit,
195 188 383 236 dominus
410 189 561 233 inpune
587 197 639 223 ne
665 188 769 223 sinat
796 196 897 222 esse.
937 196 1007 231 pro
1035 186 1235 222 beneficio
1262 186 1431 231 gratiam

83 242 236 281 referat,
264 244 305 277 ut
331 242 419 277 aliis
445 245 553 277 recte
578 242 711 277 facere
744 241 877 276 libeat.
928 240 1071 275 vilicus
1098 249 1149 275 ne
1176 239 1226 274 sit
1252 239 1431 275 ambula-

83 299 154 337 tor,
180 295 338 331 sobrius
373 295 449 330 siet
483 304 653 339 semper,
681 295 732 329 ad
769 303 911 329 cenam
944 303 1079 338 nequo
1114 296 1189 328 eat.
1239 293 1429 328 familiam

83 351 280 390 exerceat,
308 349 546 389 consideret,
580 357 684 393 quae
717 347 905 383 dominus
938 346 1195 392 imperaverit
1220 346 1328 382 fiant.
1380 355 1431 381 ne

82 403 172 447 plus
204 404 368 437 censeat
400 411 543 447 sapere
574 411 618 437 se
651 411 772 446 quam
806 400 1027 436 dominum.
1078 400 1231 436 amicos
1266 399 1431 440 domini,
1457 398 1479 432 3

83 465 155 492 eos
180 456 329 491 habeat
355 455 430 491 sibi
456 455 620 491 amicos.
660 455 724 490 cui
751 454 883 489 iussus
904 454 989 494 siet,
1012 454 1221 489 auscultet.
1261 463 1345 489 rem
1373 453 1431 488 di-
1468 460 1486 485 6

82 509 219 544 vinam
252 508 327 544 nisi
355 507 631 554 Conpitalibus
663 508 703 543 in
737 507 900 552 conpito
934 510 1001 542 aut
1035 507 1074 542 in
1106 507 1197 542 foco
1224 516 1276 542 ne
1301 506 1431 542 faciat.

80 561 235 597 iniussu
272 562 424 597 domini
461 562 596 597 credat
631 561 799 597 nemini:
837 562 945 606 quod
983 561 1171 596 dominus
1208 560 1431 601 crediderit,

79 615 229 661 exigat.
280 615 382 650 satui
417 624 570 655 semen,
607 615 766 655 cibaria,
799 615 866 656 far,
893 614 1044 655 vinum,
1078 614 1214 650 oleum
1248 616 1430 648 mutuum

78 668 238 705 dederit
263 668 426 704 nemini.
466 669 567 704 duas
587 671 655 704 aut
674 671 754 704 tres
773 668 944 703 familias
965 668 1124 708 habeat,
1146 667 1255 703 unde
1281 667 1432 702 utenda
1453 672 1486 699 10

80 724 197 768 roget
223 724 263 757 et
288 722 434 767 quibus
459 722 538 763 det,
565 724 773 767 praeterea
799 722 963 758 nemini.
1015 722 1213 757 rationem
1243 730 1334 756 curn
1361 721 1431 757 do·
1457 718 1479 752 4

82 775 192 811 mino
219 776 358 811 crebro
384 777 506 821 putet.
543 775 782 820 operarium,
803 774 1195 820 mercen<n>arium,
1217 774 1429 819 politorem

79 829 230 865 diutius
251 830 427 865 eundem
442 838 494 865 ne
508 829 657 864 habeat
672 829 749 865 die.
777 829 928 874 nequid
950 829 1098 864 emisse
1117 828 1215 864 velit
1234 828 1430 864 insciente

81 882 258 924 domino,
285 892 364 918 neu
392 883 489 928 quid
516 883 725 918 dominum
747 882 945 918 celavisse
971 882 1080 918 velit.
1117 882 1335 927 parasitum
1362 892 1430 917 ne·

78 945 200 982 quem
226 936 386 972 habeat.
425 936 692 981 haruspicem,
714 945 921 981 augurem,
942 936 1152 977 hariolum,
1181 934 1427 971 Chaldaeum
1453 940 1485 965 15

79 999 255 1035 nequem
292 989 546 1025 consuluisse
581 989 689 1024 velit.
727 991 911 1035 segetem
942 998 990 1024 ne
1026 988 1225 1024 defrudet:
1261 998 1354 1023 nam
1391 988 1431 1023 id

79 1043 216 1079 infelix
243 1046 314 1079 est.
353 1053 456 1088 opus
483 1043 674 1078 rusticum
708 1052 829 1078 omne
864 1045 974 1078 curet
1007 1042 1062 1077 uti
1097 1042 1196 1077 sciat
1222 1042 1365 1082 facere,
1394 1046 1431 1077 et

78 1096 120 1131 id
138 1096 258 1133 faciat
277 1106 414 1142 saepe,
434 1097 530 1132 dum
551 1106 603 1132 ne
623 1096 753 1132 lassus
773 1097 858 1132 fiat:
879 1096 912 1132 si
932 1096 1081 1136 iecerit,
1096 1095 1213 1130 scibit
1234 1095 1273 1130 in
1295 1097 1430 1130 mente
1457 1092 1478 1125 ὗ

77 1149 254 1186 familiae
289 1150 385 1196 quid
421 1150 481 1191 sit,
518 1152 557 1185 et
592 1150 647 1185 illi
684 1150 820 1185 animo
855 1150 1048 1195 aequiore
1083 1149 1243 1185 facient.
1293 1149 1326 1184 si
1352 1148 1430 1183 hoc

78 1202 208 1245 faciet,
235 1203 367 1239 minus
393 1203 533 1239 libebit
566 1203 773 1239 ambulare
803 1205 842 1239 et
867 1203 1018 1238 valebit
1044 1203 1191 1238 rectius
1219 1205 1257 1238 et
1285 1202 1430 1238 dormi·
1450 1206 1485 1231 Εἰ)

77 1255 136 1291 bit
161 1256 362 1293 libentius.
398 1257 549 1302 primus
571 1257 708 1292 cubitu
729 1259 877 1302 surgat,
904 1259 1131 1301 postremus
1153 1256 1333 1291 cubitum
1355 1257 1429 1290 eat.

78 1308 188 1354 prius
213 1310 350 1345 villam
371 1310 509 1345 videat
535 1310 672 1346 clausa
698 1310 754 1345 uti
781 1310 866 1350 siet,
892 1312 931 1345 et
958 1309 1013 1344 uti
1041 1319 1113 1344 suo
1142 1309 1313 1353 quisque
1339 1308 1429 1344 loco

76 1363 200 1398 cubet
226 1366 265 1399 et
291 1363 347 1399 uti
373 1363 552 1399 iumenta
578 1363 772 1409 pabulum
799 1363 989 1398 habeant.

135 1416 270 1452 Boves
301 1417 479 1452 maxima
506 1417 716 1463 diligentia
749 1419 908 1452 curatos
935 1416 1096 1451 habeto.
1148 1415 1333 1451 bubulcis
1361 1424 1429 1460 op-
1456 1413 1478 1443 (“ἑ

77 1469 236 1515 sequito
262 1470 417 1516 partim,
451 1480 531 1516 quo
565 1470 753 1506 libentius
781 1471 908 1506 boves
936 1471 1085 1505 curent.
1137 1471 1266 1504 aratra
1291 1477 1429 1504 vome·
1450 1472 1486 1498 2³>

78 1532 224 1568 resque
249 1524 370 1559 facito
397 1524 454 1559 uti
480 1525 612 1560 bonos
638 1524 803 1559 habeas.
854 1526 998 1558 terram
1026 1522 1225 1558 cariosam
1252 1531 1352 1557 cave
1378 1531 1430 1556 ne

76 1585 178 1618 ares,
204 1586 310 1613 neve
335 1577 530 1622 plostrum
551 1587 656 1613 neve
682 1586 808 1622 pecus
834 1576 1017 1621 inpellas.
1063 1576 1096 1610 si
1123 1576 1177 1611 ita
1203 1584 1285 1611 non
1314 1584 1429 1610 cave-

78 1629 142 1671 ris,
168 1639 248 1675 quo
275 1630 478 1675 inpuleris,
505 1629 695 1676 trienni[i]
722 1630 892 1665 fructum
919 1629 1090 1664 amittes.
1130 1628 1267 1674 pecori
1295 1631 1333 1663 et
1359 1628 1430 1663 bu·
1457 1625 1478 1659 Τ

78 1683 154 1718 bus
191 1683 407 1729 diligenter
443 1684 729 1724 substernatur,
769 1682 948 1728 ungulae
989 1685 1186 1718 curentur.
1250 1681 1430 1717 scabiem

78 1736 216 1780 pecori
248 1739 286 1772 et
316 1736 507 1773 iumentis
540 1739 704 1773 caveto:
744 1736 784 1771 id
818 1746 867 1771 ex
899 1736 1006 1771 fame
1041 1738 1080 1771 et
1105 1736 1138 1771 si
1166 1735 1309 1780 inpluit
1343 1735 1429 1770 fieri
1449 1738 1484 1764 δῖ)

77 1788 194 1825 solet.
233 1799 356 1835 opera
382 1790 520 1826 omnia
546 1793 700 1825 mature
728 1789 920 1825 conficias
947 1789 1045 1825 face.
1073 1799 1168 1824 nam
1194 1798 1257 1824 res
1284 1788 1430 1824 rustica

78 1842 138 1878 sic
165 1844 235 1884 est,
261 1843 294 1878 si
320 1853 443 1879 unam
468 1853 551 1879 rem
572 1853 662 1879 sero
682 1843 836 1884 feceris,
864 1842 1001 1878 omnia
1027 1852 1151 1887 opera
1178 1851 1268 1878 sero
1294 1842 1429 1877 facies.

77 1898 296 1931 stramenta
321 1896 355 1931 si
388 1896 574 1938 deerunt,
606 1897 790 1932 frondem
822 1896 1016 1941 iligneam
1043 1895 1186 1941 legito,
1221 1905 1311 1931 eam
1338 1895 1429 1931 sub-

78 1948 243 1984 sternito
279 1948 424 1985 ovibus
459 1950 685 1994 bubusque.
735 1949 980 1985 stercilinum
1017 1958 1211 1994 magnum
1244 1949 1362 1983 stude
1388 1952 1430 1984 ut
1455 1946 1478 1977 δ’

131 2076 170 2108 11
201 2079 388 2115 praeterea
407 2073 564 2116 (praeter
590 2086 654 2110 eas
668 2077 701 2110 V
721 2080 909 2116 praeterea
929 2086 1062 2116 apoyr.
1083 2078 1120 2108 et
1139 2073 1241 2117 Vici.)
1261 2074 1272 2116 Η
1294 2076 1336 2108 12
1364 2085 1428 2115 pu-

79 2126 133 2155 tet
157 2121 275 2163 (paret
293 2124 326 2156 V
352 2127 453 2163 patet
477 2134 572 2157 corr.
599 2128 702 2164 putet
727 2124 760 2156 A
786 2128 889 2164 putet
915 2125 1141 2164 apographa
1168 2122 1393 2163 recentiora)
1419 2121 1430 2163 Η

83 2170 127 2201 16
154 2170 209 2211 Cf.
233 2172 329 2204 Ptin.
350 2175 401 2209 18,
414 2175 476 2204 200
494 2168 505 2211 ΙΙ
525 2172 569 2203 24
596 2173 793 2211 opsequito
819 2174 856 2204 et
881 2181 910 2203 s.
931 2181 1001 2203 scr.
1021 2167 1047 2202 1’
1076 2175 1130 2203 tor
1149 2172 1228 2203 Pol.
1256 2172 1429 2210 obsequi-

81 2221 137 2249 tor
161 2227 293 2259 apoyr.
313 2216 324 2258 ΙΙ
343 2218 389 2251 26
417 2219 471 2259 Cf.
492 2229 520 2251 c.
539 2223 591 2258 34,
611 2224 651 2257 2,·
675 2223 727 2257 37,
748 2223 787 2257 1,·
806 2220 901 2251 Ρίἰη.
923 2223 973 2257 17,
993 2222 1034 2250 34
1053 2216 1064 2258 ΙΙ
1084 2219 1128 2250 27
1155 2220 1330 2257 plostrum
1356 2219 1428 2250 luc.

82 2264 280 2303 plaustrum
316 2263 328 2306 ΙΙ
365 2266 407 2299 31
437 2266 491 2306 Cf.
512 2267 606 2298 Plin.
628 2270 678 2305 18,
697 2271 738 2298 44
774 2265 785 2305 Η
823 2267 867 2299 34
893 2266 1114 2298 stercilinum
1135 2266 1168 2297 A
1194 2266 1428 2298 stercilinium

80 2312 161 2344 Pol.
187 2315 224 2344 et
248 2322 381 2353 apoyr.
407 2315 615 2346 recentiora
641 2314 905 2352 sterquilinium
933 2323 956 2344 v

154 2372 237 2402 Cato
258 2374 309 2401 De
329 2374 401 2408 agri
423 2374 554 2402 cultura
574 2373 626 2402 ed.
648 2373 779 2402 Goetz
1195 2369 1217 2403 3
