1618 2470
499 110 559 145 De
586 110 671 155 agri
699 110 850 145 cultura
877 120 910 145 c.
929 110 1072 145 68—76
1405 116 1453 154 41

103 240 106 244 ,
152 218 227 254 Vbi
255 227 360 253 uvae
380 217 517 252 variae
544 217 752 262 coeperint
778 217 874 258 fieri,
902 217 1033 252 bubus
1062 217 1333 253 medicamen-
1362 216 1530 261 [LXXIII

101 276 188 308 tum
215 272 309 307 dato
337 271 564 316 quotannis.
592 270 647 306 uti
668 271 843 306 valeant.
888 270 1036 315 pellem
1058 270 1279 315 anguinam
1307 271 1374 305 ubi
1401 271 1458 305 vi—

98 325 221 366 deris,
253 324 382 360 tollito
416 327 455 359 et
488 324 670 364 condito,
698 333 749 359 ne
776 333 947 369 quaeras
980 333 1071 359 cum
1099 333 1202 368 opus
1229 324 1315 359 siet.
1367 333 1456 359 eam

101 379 250 424 pellem
279 380 318 413 et
343 377 400 412 far
427 380 465 413 et
491 377 617 413 salem
646 380 684 412 et
711 377 943 421 serpullum,
964 377 1066 413 haec
1093 377 1230 413 omnia
1257 387 1337 412 una
1364 387 1457 413 con-

100 431 217 467 terito
244 441 335 467 cum
362 431 470 471 vino,
498 431 591 466 dato
619 431 750 466 bubus
771 431 911 466 bibant
932 431 1132 466 omnibus.
1171 441 1242 476 per
1262 434 1457 466 aestatem
1497 440 1513 465 5

102 486 230 521 boves
256 495 403 530 aquam
430 485 580 520 bonam
609 486 647 519 et
673 484 867 529 liquidam
888 484 1027 520 bibant
1048 494 1208 529 semper
1235 487 1389 520 curato:
1417 490 1458 519 ut

100 538 265 574 valeant
290 538 418 574 refert.

150 593 301 628 Panem
329 591 570 637 depsticium
591 591 648 627 sic
668 591 800 627 facito.
838 602 980 627 manus
1002 592 1316 636 mortariumque
1344 590 1528 636 [LXXllll

98 646 208 682 bene
234 646 380 681 lavato.
424 645 592 680 farinam
619 645 659 680 in
687 645 918 680 mortarium
946 645 1085 685 indito,
1106 655 1237 690 aquae
1264 645 1455 690 paulatini

101 699 240 735 addito
267 698 526 744 subigitoque
553 698 730 743 pulchre.
777 698 844 733 ubi
877 699 983 733 bene
1009 699 1232 743 subegeris,
1260 699 1456 744 defingito
1480 707 1513 733 10

101 753 347 798 coquitoque
374 752 448 788 sub
474 754 591 787 testu.

149 806 290 842 Libum
317 806 395 841 hoc
421 806 545 841 modo
572 805 704 841 facito.
738 806 845 841 casei
873 814 907 841 P.
929 813 955 840 11
982 806 1088 841 bene
1116 806 1280 841 disterat
1306 806 1346 840 in
1375 804 1528 850 [LXXV

100 859 300 896 mortario.
351 858 420 894 ubi
446 859 552 894 bene
580 859 810 900 distriverit‚
836 859 988 895 farinae
1015 859 1229 904 siligineae
1255 859 1454 903 libra<m>

97 916 180 956 aut,
200 913 233 949 si
253 913 368 949 voles
395 913 572 948 tenerius
599 922 700 954 esse,
722 913 910 949 selibram
932 913 1172 958 similaginis
1201 911 1359 957 [solum]
1389 922 1455 948 eo-

95 969 193 1003 dem
220 967 347 1002 indito
374 966 699 1012 permiscetoque
732 976 823 1002 cum
857 976 978 1002 caseo
1011 967 1129 1002 bene.
1180 976 1304 1002 ovum
1331 976 1454 1001 unum
1480 975 1512 1000 15

97 1021 238 1056 addito
272 1022 311 1056 et
343 1030 424 1055 una
456 1020 697 1065 permisceto
731 1021 848 1056 bene.
900 1020 995 1055 inde
1028 1030 1175 1065 panem
1202 1020 1334 1060 facito,
1361 1019 1455 1055 folia

97 1074 272 1115 subdito,
300 1073 340 1108 in
366 1073 456 1109 ioco
484 1073 601 1109 caldo
629 1074 702 1108 sub
729 1075 833 1109 testu
862 1073 1024 1118 coquito
1053 1073 1204 1108 leniter.

144 1127 377 1163 Placentam
402 1126 458 1162 sic
484 1126 616 1162 facito.
660 1127 812 1162 farinae
839 1127 1052 1172 siligineae
1080 1135 1113 1161 L.
1136 1135 1174 1167 11,
1202 1128 1310 1162 unde
1357 1126 1527 1171 [LXXVI

98 1181 230 1217 solum
255 1180 397 1221 facias,
424 1180 464 1215 in
490 1182 614 1215 tracta
640 1180 792 1216 farinae
818 1188 853 1215 L.
875 1188 931 1215 1111
960 1183 998 1215 et
1026 1180 1154 1216 alicae
1180 1181 1334 1225 primae
1361 1188 1394 1215 L.
1417 1188 1454 1214 ιι.

97 1234 242 1270 alicam
270 1234 310 1269 in
337 1244 484 1279 aquam
512 1233 722 1269 infundito.
762 1234 829 1269 ubi
851 1234 956 1269 bene
978 1234 1110 1269 mollis
1132 1234 1214 1274 erit,
1242 1234 1280 1268 in
1309 1236 1453 1269 morta-
1477 1240 1510 1267 20

98 1288 199 1323 rium
226 1298 369 1333 purum
396 1288 522 1323 indito
550 1287 783 1332 siccatoque
804 1288 922 1322 bene.
967 1287 1116 1322 deinde
1144 1287 1330 1322 manibus
1358 1288 1453 1331 dep-

95 1341 185 1377 sito.
237 1341 305 1376 ubi
337 1341 444 1376 bene
476 1341 688 1376 subactum
721 1340 810 1381 erit,
836 1341 987 1375 farinae
1017 1348 1051 1375 L.
1073 1346 1129 1375 1111
1157 1340 1351 1385 paulatim
1385 1341 1452 1375 ad-

98 1394 193 1430 dito.
244 1394 284 1429 id
320 1396 533 1439 utrumque
568 1396 692 1429 tracta
726 1393 858 1429 facito.
911 1394 950 1429 in
987 1394 1120 1439 qualo,
1153 1394 1221 1429 ubi
1258 1397 1452 1433 arescant,

94 1448 329 1493 conponito.
368 1447 436 1483 ubi
463 1448 643 1488 arebunt‚
666 1448 885 1492 conponito
913 1448 1072 1492 puriter.
1113 1457 1203 1482 cum
1231 1447 1354 1483 facies
1382 1445 1450 1491 [in]
1480 1447 1502 1482 2

95 1501 256 1547 singula
281 1502 417 1542 tracta,
445 1501 513 1536 ubi
539 1501 766 1546 depsueris‚
793 1511 929 1546 panno
957 1501 1049 1536 oleo
1084 1504 1205 1536 uncto
1232 1501 1387 1546 tangito
1415 1505 1453 1536 et
1474 1508 1509 1535 25

96 1554 404 1600 circumtergeto
443 1554 708 1600 unguitoque.
759 1555 827 1590 ubi
865 1557 989 1590 tracta
1028 1557 1160 1596 erunt,
1198 1555 1345 1595 iocum,
1385 1554 1452 1589 ubi

95 1617 228 1649 cocas,
261 1607 444 1643 calfacito
477 1608 583 1643 bene
617 1610 655 1643 et
689 1610 849 1643 testum.
899 1611 1042 1653 postea
1068 1608 1220 1643 farinae
1247 1615 1281 1643 L.
1303 1615 1329 1642 11
1358 1617 1451 1643 con·

95 1661 274 1707 spargito
317 1662 650 1706 condepsitoque.
701 1661 796 1697 inde
830 1662 951 1698 facito
987 1661 1118 1698 solum
1157 1664 1291 1697 tenue.
1344 1662 1450 1697 casei

91 1714 206 1750 -ovilli
232 1722 267 1750 Ρ.
288 1722 377 1749 X1111
404 1725 455 1750 ne
488 1715 649 1750 acidum
684 1717 723 1751 et
748 1716 854 1751 bene
886 1725 1028 1751 recens
1061 1715 1101 1750 in
1129 1724 1275 1760 aquam
1312 1714 1451 1750 indito.

91 1768 150 1804 ibi
177 1770 391 1809 macerato,
418 1778 565 1813 aquam
591 1771 651 1804 ter
680 1771 845 1804 mutato.
896 1769 992 1804 inde
1025 1768 1190 1803 eximito
1217 1768 1452 1812 siccatoque
1475 1775 1507 1802 30

91 1822 201 1857 'bene
221 1821 413 1866 paulatim
434 1822 632 1863 manibus,
647 1822 799 1857 siccum
820 1822 927 1857 bene
948 1822 987 1856 in
1009 1822 1240 1857 mortarium
1256 1821 1451 1866 inponito.

95 1874 164 1910 ubi
199 1884 320 1910 omne
356 1884 520 1910 caseum
555 1875 662 1910 bene
697 1875 923 1916 siccaveris,
960 1875 1000 1910 in
1037 1875 1268 1910 mortarium
1308 1884 1449 1919 purum
1479 1874 1501 1908 3

96 1928 282 1964 manibus
308 1928 546 1973 condepsito
575 1928 907 1973 conminuitoque
929 1938 1050 1973 quarn
1072 1928 1260 1963 maxime.
1301 1928 1450 1963 deinde

89 1981 266 2017 cribrum
297 1981 526 2016 farinarium
553 1992 697 2026 purum
724 1982 873 2017 sumito
907 1991 1154 2026 caseumque
1181 1991 1251 2026 per
1278 1981 1449 2017 cribrum

145 2073 161 2105 1
190 2073 230 2105 R.
251 2072 409 2105 LXXXII
435 2073 632 2110 Quomodo
669 2075 788 2106 bubus
816 2075 1122 2106 medicamentum
1150 2074 1254 2106 detur
1272 2071 1283 2114 ΙΙ
1303 2074 1324 2105 2
1351 2074 1451 2113 quod

94 2121 201 2153 annis
221 2119 272 2161 115
299 2122 470 2153 omnibus
496 2131 566 2154 om.
594 2122 672 2154 Pol.
700 2123 790 2154 add.
817 2131 950 2162 apogr.
977 2123 1014 2153 et
1032 2118 1190 2161 Vict.118
1216 2121 1256 2153 R.
1277 2121 1450 2152 LXXXIII

93 2167 231 2200 Panem
257 2169 476 2207 depsticium
502 2170 555 2201 sic
580 2169 690 2201 facito
711 2166 722 2209 11
745 2169 787 2201 12
808 2169 847 2201 R.
869 2168 1058 2201 LXXXIIII
1084 2169 1213 2201 Libum
1240 2169 1312 2201 hoc
1339 2168 1449 2200 modo

94 2215 204 2247 facito
231 2211 301 2255 (sie
326 2216 436 2247 facito
463 2214 544 2256 Ab)
575 2213 587 2255 Η
621 2217 663 2249 13
690 2218 779 2249 add.
805 2226 829 2247 v
854 2214 865 2256 ΙΙ
894 2216 935 2247 14
962 2217 1032 2248 del.
1060 2217 1141 2249 Keil
1166 2217 1282 2249 solam
1308 2216 1455 2256 ΗαιιΙει·Ι

88 2272 131 2301 ρ.
150 2266 189 2294 22
218 2259 230 2302 i}
264 2262 307 2294 16
333 2263 422 2295 folia
440 2263 571 2295 ‘laurea
596 2264 677 2296 Keil
707 2261 718 2303 Η
754 2263 796 2295 18
823 2264 862 2295 R.
889 2263 1050 2295 LXXXV
1075 2264 1285 2296 Placentam
1318 2265 1371 2294 sic
1398 2264 1449 2293 fa·-

91 2311 167 2342 cito
201 2308 207 2348 Ι
240 2310 435 2350 siligineae
464 2319 597 2350 apoqr.
626 2321 693 2343 ree.
721 2311 905 2350 silignene
933 2311 964 2342 A
992 2312 1171 2350 siligneae
1199 2311 1231 2342 V
1262 2308 1272 2349 ll
1306 2311 1350 2342 24
1378 2311 1449 2341 del⁴

97 2357 180 2389 Keil
