1575 2470
637 59 926 97 PRAEFATIO
1406 61 1455 96 XI

104 169 189 215 pari
215 168 338 204 modo
365 167 627 203 intercidisse.
679 167 753 203 Ubi
781 167 915 212 potius
948 167 1048 202 haec
1084 170 1121 202 et
1148 167 1294 202 similia
1322 168 1454 203 conte-

106 222 231 258 renda
257 230 348 257 esse
376 230 525 257 censeo
553 231 602 256 ex
630 230 716 265 cap.
736 220 799 256 42:
826 220 930 264 ficos
957 221 998 255 et
1017 220 1134 255 oleas
1155 220 1290 255 altero
1318 221 1455 259 modo,

104 285 157 311 ex
183 284 269 320 cap.
289 275 352 310 56:
388 275 578 318 familiae
615 275 794 316 σὶὸανὶα,
831 283 881 309 ex
909 282 994 318 cap.
1015 273 1078 308 59:
1116 274 1362 308 vestimenta
1389 273 1455 317 fa-

105 329 266 364 miliae:
292 328 426 374 qualia
452 328 674 364 nemodum
701 336 910 363 removere
938 330 1108 362 conatus
1136 329 1206 362 est.
1254 325 1456 362 Orationis

106 381 337 417 salebrosae
358 381 546 426 exempla
572 380 758 426 graviora
783 380 885 416 haec
907 380 1057 420 adfero,
1086 389 1135 415 ex
1156 390 1249 436 cap.
1270 380 1355 415 144:
1383 380 1455 415 Ac·-

104 441 334 476 cessiones.
360 442 401 476 in
422 440 466 475 M
489 439 614 476 ooCC
635 441 797 476 accedit
822 441 939 475 oleae
965 440 1108 475 salsae
1134 427 1225 481 MV,
1253 440 1334 474 olei
1358 441 1457 483 puri

107 494 147 529 Ρ.
172 493 276 529 VIIII
299 503 333 529 e
361 504 397 539 q.
424 504 470 536 5.,
500 494 567 529 ubi
596 493 697 529 Keil
728 503 818 528 cum
846 493 1075 529 Iucundo:
1106 492 1396 528 Accessiones.

103 547 306 583 *accedent
330 547 511 583 exhibuit
537 546 599 591 (ci.
622 548 836 582 comment.
864 557 900 591 p.
924 546 1018 590 153).
1070 546 1111 581 In
1146 545 1290 591 quibus
1322 521 1457 581 verbis

107 600 225 636 simul
261 600 358 635 illud
394 600 589 641 notabile,
626 601 735 645 quod
768 600 807 635 in
834 600 1003 636 formula
1030 609 1213 635 summae
1241 599 1456 645 augendae

106 655 240 698 spreta
267 653 429 689 dicendi
464 653 557 699 lege
590 653 735 689 usitata
768 653 987 699 praedicati
1013 653 1294 699 praecedentis
1320 652 1455 698 singu-

107 706 209 748 laris,
246 706 414 742 subiecti
452 707 708 742 succedentis
743 706 907 752 pluralis
939 706 1139 742 toleratur.
1192 705 1314 742 Cuius
1340 705 1455 740 liber-

104 759 197 795 tatis
223 760 391 795 alterum
417 761 573 805 profero
608 760 839 806 exemplum
873 759 1119 795 simillimum
1149 769 1198 794 ex
1226 769 1312 801 cap.
1335 759 1413 799 135,
1434 759 1457 792 4

107 814 161 858 (p.
178 813 310 856 56,15)
331 813 424 849 hoc:
448 815 489 849 in
510 815 772 849 conmissum
788 814 925 849 abibit
943 813 985 848 Ρ.
1007 813 1071 856 III,
1094 814 1164 848 rel.
1179 814 1258 848 erit
1277 813 1319 847 Ρ.
1340 812 1458 846 XLVI

104 866 160 910 (h.
181 875 216 902 e.
237 867 372 902 abibit
403 867 532 912 pedes
565 877 654 908 sex,
688 868 890 912 reliquom
924 867 1002 901 erit
1025 866 1150 910 pedes
1177 865 1325 909 XLVI);
1352 874 1457 910 quae

107 919 231 955 verba
265 919 345 954 iam
382 920 576 956 Menrad
612 919 764 964 (Arch.
790 921 812 955 f.
839 920 906 955 lat.
937 919 1161 965 Lexicogr.'
1191 923 1215 954 t.
1239 919 1288 954 IV
1314 929 1351 963 p.
1371 918 1456 961 524)

106 972 371 1009 adnotatione
391 973 549 1009 adiecta
570 973 680 1009 nulla
700 976 807 1009 recte
827 973 973 1008 attulit:
996 972 1064 1008 ubi
1086 972 1168 1008 noli
1185 982 1275 1007 cum
1298 971 1455 1007 Keilio

108 1025 303 1070 pluralem
329 1036 493 1071 ponere.
545 1026 656 1062 Talia
684 1027 791 1062 enirn
819 1029 857 1062 et
884 1026 962 1061 alia
989 1026 1189 1071 quaedam
1218 1035 1308 1061 cum
1335 1025 1454 1061 simili

105 1078 289 1114 libertate
314 1081 485 1122 utantur,
512 1082 554 1115 ut
580 1080 620 1115 in
647 1081 792 1116 eadem
818 1079 964 1116 trutina
990 1080 1182 1124 ponenda
1203 1089 1253 1114 ex
1274 1079 1351 1115 hoc
1372 1079 1457 1124 qui-

106 1132 202 1167 dem
228 1132 328 1168 libro
355 1134 605 1169 removenda
632 1143 722 1170 esse
748 1143 869 1179 nego.

167 1184 232 1220 Ad
263 1187 625 1231 grammaticam
660 1197 735 1223 nos
775 1189 1058 1222 convertemus
1095 1187 1215 1221 etiam
1248 1186 1287 1220 in
1320 1186 1457 1231 singu-

106 1238 256 1274 laribus
276 1239 517 1284 quibusdam
539 1240 851 1281 difficultatibus,
872 1240 940 1276 ubi
962 1249 1112 1285 anceps
1126 1239 1312 1275 haerebis
1327 1242 1455 1274 utrum

109 1291 261 1328 codicis
288 1292 521 1338 scripturam
547 1294 798 1329 retinendam
826 1303 876 1328 an
902 1293 1185 1338 expellendam
1212 1302 1302 1328 esse
1335 1292 1457 1328 dicas.

110 1343 200 1385 Quo
236 1345 276 1381 in
312 1356 463 1391 genere
498 1347 596 1382 illud
631 1356 752 1392 pono,
786 1347 895 1392 quod
923 1346 1027 1382 Keil
1055 1357 1092 1392 p.
1111 1347 1207 1387 40,1
1239 1356 1288 1381 ex
1316 1346 1458 1382 codice

109 1399 314 1435 revocavit
340 1401 475 1436 oletas
497 1402 535 1436 et
555 1411 592 1446 p.
612 1401 669 1442 60,
690 1400 732 1436 21
756 1401 931 1436 oletate:
958 1400 1104 1444 quibus
1126 1399 1280 1434 addidit
1301 1410 1337 1444 p.
1358 1399 1415 1440 60,
1437 1400 1451 1434 1

106 1452 264 1488 oletate
298 1463 369 1498 pro
406 1463 455 1489 eo
491 1454 601 1499 quod
637 1453 677 1489 in
711 1453 853 1489 codice
885 1453 957 1489 iuit
984 1454 1188 1489 oleatate:
1213 1463 1283 1498 pro
1311 1453 1458 1498 quibus

109 1505 206 1541 inde
226 1515 250 1540 a
270 1516 293 1541 υ
314 1506 514 1543 editiones
536 1508 687 1543 oleitas
710 1509 748 1543 et
769 1507 938 1543 oleitate
965 1507 1025 1551 (=
1042 1508 1223 1550 οἱίυίΐαε,
1252 1507 1457 1548 olivitate)

111 1558 302 1595 exhibere
327 1560 470 1595 solent.
522 1559 652 1601 Quam
678 1560 847 1596 formam
874 1561 1041 1603 (cletas)
1077 1561 1149 1596 etsi
1178 1570 1269 1596 cum
1297 1560 1457 1595 Keilio

110 1611 299 1648 intactam
326 1613 478 1659 reliqui,
505 1616 642 1650 tamen
669 1614 876 1659 quomodo
904 1624 995 1650 cum
1022 1613 1371 1660 grammaticae
1398 1613 1458 1648 le‘

108 1665 251 1710 gibus
278 1675 501 1712 congruere
528 1667 659 1703 dicam
687 1667 838 1703 nescio.
877 1667 982 1703 Olim
1010 1667 1106 1702 mihi
1135 1666 1314 1712 persuasi
1341 1666 1457 1702 libra-

109 1717 222 1760 rium,
250 1719 316 1764 qui
343 1720 505 1765 saepius
533 1722 685 1757 oletum
714 1730 785 1765 pro
807 1721 1002 1756 olivetum
1025 1720 1202 1765 legisset,
1229 1720 1305 1755 hac
1331 1720 1458 1755 forma

109 1771 326 1817 deceptum
361 1773 462 1809 alios
498 1774 721 1819 decepisse.
748 1794 792 1797 —
820 1774 940 1810 Porro
974 1774 1116 1809 mirum
1151 1777 1226 1815 est,
1254 1774 1363 1819 quod
1389 1773 1455 1808 ubi

112 1825 242 1860 codex
269 1824 466 1863 Catonis
503 1828 555 1872 (p.
579 1828 632 1869 18,
655 1827 780 1872 llsq.)
816 1828 1064 1863 corcnbulas
1102 1826 1266 1862 exhibet
1301 1836 1372 1871 pro
1408 1835 1457 1861 eo

110 1878 220 1923 quod
247 1879 375 1914 editur
402 1881 596 1916 corbulas
625 1881 771 1917 eodem
798 1880 888 1916 loco
917 1890 967 1916 ex
995 1879 1193 1916 Catonis
1228 1880 1328 1916 libro
1355 1882 1457 1915 tran-

107 1931 258 1976 scripto
294 1933 402 1977 apud
427 1933 691 1970 Varronem
728 1936 908 1970 veterem
945 1933 1129 1969 codicem
1171 1932 1455 1969 ‘cot-bubula&

111 1983 303 2020 habuisse
330 1986 382 2030 (p.
402 1985 460 2028 39,
480 1987 540 2031 23)
563 1997 585 2023 e
607 1987 755 2023 diserto
777 1987 1009 2023 testimonio
1030 1986 1193 2023 Victorii
1222 1987 1274 2022 ad
1295 1985 1458 2022 Catonis

110 2037 245 2073 locum
282 2039 481 2084 adscripto
518 2040 711 2077 discimus
747 2040 808 2085 (cf.
837 2040 942 2076 Keil
976 2042 1191 2075 comment.
1227 2039 1267 2074 in
1292 2038 1458 2074 Varron.

111 2100 149 2134 p.
178 2091 253 2134 69).
305 2090 394 2132 Quo
432 2093 665 2130 testimonio
704 2094 881 2130 confisus
920 2093 1016 2129 olim
1049 2093 1196 2129 formas
1231 2092 1329 2127 mira
1362 2101 1458 2137 qua-

110 2143 206 2178 dam
233 2143 494 2182 similitudine
519 2146 702 2192 insignes
735 2148 787 2182 ad
819 2147 1066 2182 corbuculas
1094 2146 1373 2189 (corbuculae)
1401 2154 1459 2180 re-

113 2197 311 2232 vocabam
338 2197 398 2240 (=
413 2199 674 2243 corbIculas),
697 2209 851 2236 mernor
877 2200 1092 2235 formarum
1114 2199 1255 2244 quales
1275 2201 1367 2235 sunt
1386 2208 1459 2242 pe-

112 2248 289 2286 ducatus
326 2260 397 2296 pro
433 2252 667 2295 ponticulus,
705 2253 986 2297 peduezzloszzs
1022 2262 1092 2297 pro
1125 2252 1392 2297 pediculosus
1419 2250 1459 2285 in
