1575 2470
645 63 745 99 PRA
754 61 939 99 EFATIO
1364 60 1469 96 XVII

116 170 287 205 retinere
323 169 446 210 nolui,
485 179 576 205 curn
612 169 725 214 plura
761 170 839 205 sint
876 168 1062 213 exempla
1095 167 1289 203 brevioris
1315 167 1467 203 formae

116 232 238 268 quam
264 232 369 268 quae
395 232 604 258 removere
625 224 815 258 audeam:
843 232 948 268 quae
969 221 1133 267 collegit
1154 219 1467 265 Krumbiegel

116 276 157 311 in
192 275 326 311 indice
361 285 436 312 suo
471 276 696 312 utilissimo.
735 297 776 299 ψ
814 276 947 317 12,19.
986 275 1048 310 De
1085 274 1220 310 verbis
1254 275 1355 309 bene
1389 282 1465 317 po-

111 330 261 364 siveris
282 328 365 375 egit
385 338 513 375 nuper
532 328 658 365 Sven
681 329 947 365 Lilliedahl
972 327 1146 372 (‘Philol.
1162 325 1463 364 Wochenschr.'

116 393 149 418 a.
170 382 263 418 1922
287 392 325 427 p.
345 382 446 426 186):
481 392 530 418 ex
563 382 676 419 cuius
711 382 984 428 disputatione
1012 381 1134 417 didici
1162 380 1282 416 etiam
1311 379 1464 415 Lund-

115 435 395 472 stroemium
416 435 615 478 (‘Eranos’
638 435 709 471 XV
729 446 766 481 p.
786 435 938 481 209sq.)
960 444 1043 470 rem
1064 433 1257 479 tetigisse.
1286 432 1463 473 Quorum

112 499 206 524 cum
232 492 400 535 uterque
421 489 524 525 bene
542 490 748 534 posiveris
769 490 821 524 ad
842 488 1042 534 apodosin
1062 487 1262 533 pertinere
1289 489 1464 528 censeat,

114 542 178 579 hic
207 542 437 588 ‘pecuniam
473 545 583 578 tuam
619 543 725 578 bene
758 541 958 588 posueris⁷
988 542 1277 586 interpretatur,
1304 539 1372 575 ille
1400 539 1465 575 ‘eo

112 597 278 632 demum
306 596 491 638 efficitur,
524 599 566 631 ut
592 597 698 632 bene
730 599 904 641 ponatur
929 594 1053 630 villa’.
1106 594 1204 630 Mihi
1233 593 1349 629 Keilii
1376 602 1465 629 sen-

111 649 279 685 tentiam
305 652 446 686 secuto
472 649 686 685 videbatur
712 648 811 686 Cato
838 650 915 686 hoc
943 648 1078 684 dicere
1104 647 1227 683 velle:
1255 647 1287 682 si
1308 646 1349 682 in
1368 646 1462 682 boni

111 702 265 747 praedii
292 702 460 748 regione
500 704 608 739 bona
643 703 749 739 bene
785 703 922 738 villam
957 700 1254 742 aedificaveris,
1287 699 1319 736 si
1346 699 1465 745 igitur

112 757 219 792 recte
245 755 285 791 in
313 765 361 791 ea
396 756 659 798 habitaveris,
686 757 876 792 libentius
904 758 943 792 et
969 755 1132 801 saepius
1153 765 1219 790 rus
1246 753 1398 789 venies.

113 809 167 851 13,
187 809 298 855 26sq.
326 820 376 845 ne
402 820 498 846 ares
520 820 611 846 cum
633 810 796 846 Plinio
819 820 897 846 om.
918 809 1085 845 Weise
1112 819 1149 854 p.
1170 807 1250 844 123.
1267 828 1308 830 ἡ
1332 807 1387 848 14,
1408 806 1463 841 11.

108 863 234 899 verba
260 863 304 898 id
329 865 509 900 maxtme
534 865 619 900 seri
645 866 813 909 oportet
839 873 917 900 om.
945 863 1054 898 idem
1089 872 1179 898 cum
1206 861 1423 897 Varrone
1451 860 1461 894 l

107 916 167 958 23,
187 916 220 958 7,
255 916 324 952 vix
350 920 470 953 recte.
500 938 542 940 -ᾉ
572 918 705 959 14,19.
742 918 880 953 calido
918 916 1086 953 toleravi
1124 925 1215 951 cum
1252 914 1462 949 Haulero

107 980 145 1014 p.
166 969 228 1011 13;
244 973 283 1005 at
304 970 350 1006 cf.
366 969 470 1006 Keil
492 972 543 1006 ad
564 971 601 1007 h.
617 971 640 1007 l.
661 981 698 1016 p.
713 972 759 1007 22
780 970 1069 1007 commentarii.
1090 970 1127 1005 si
1148 970 1188 1004 in
1212 970 1302 1004 Ioco
1317 977 1462 1003 crasso

106 1025 186 1059 aut
218 1024 358 1060 calido
392 1026 586 1068 posueris
612 1024 759 1061 Varro
793 1025 884 1066 124,
905 1025 937 1059 2.
1040 1024 1093 1064 15,
1113 1023 1146 1058 9.
1184 1023 1326 1064 vitem,
1354 1030 1462 1056 corn—

102 1077 245 1120 pluria
275 1075 508 1122 <yenera>.·
544 1078 734 1114 Hauler.
763 1099 805 1101 -—
834 1080 947 1119 vino,
987 1077 1096 1122 quod
1124 1075 1272 1111 Varro
1300 1084 1380 1110 non
1407 1074 1461 1109 le-

106 1129 218 1175 gisse
237 1129 407 1172 videtur,
428 1131 566 1167 nescio
588 1141 639 1167 an
660 1134 817 1176 spectet
837 1132 889 1167 ad
910 1133 1090 1167 vinaces.
1135 1150 1144 1152 -
1175 1129 1230 1170 15,
1252 1129 1307 1163 11.
1330 1128 1460 1163 densa

107 1182 208 1227 quid
233 1182 283 1218 sit
309 1183 505 1219 incertum
533 1187 608 1220 est:
635 1185 820 1221 voluitne
847 1187 888 1220 in
916 1185 1048 1220 densa
1077 1184 1228 1218 loca=
1245 1183 1284 1216 in
1314 1190 1459 1216 crassa

106 1236 230 1272 loca?
256 1256 298 1259 —
327 1237 387 1278 15,
416 1237 470 1272 13.
499 1236 552 1274 Cf.
581 1238 760 1274 Macrob.
788 1238 917 1280 vl16,
940 1237 995 1273 13.
1024 1257 1066 1259 a
1096 1236 1291 1280 15‚18sq.
1319 1244 1461 1279 quom-

102 1290 248 1333 pluria
275 1290 364 1326 coll.
392 1289 474 1326 Cat.
507 1293 603 1327 orat.
635 1292 679 1327 51
725 1293 763 1327 et
802 1291 927 1327 Plaut.
955 1290 1076 1327 Stich.
1098 1289 1167 1325 198
1200 1288 1389 1324 Hauler.
1418 1308 1458 1310 ᾗ

104 1343 163 1383 15,
183 1342 224 1378 21
255 1343 486 1387 confricato
513 1343 638 1380 Varro
666 1344 763 1386 160,
799 1344 867 1380 ubi
895 1354 990 1380 corr.
1014 1342 1228 1380 Ursinus.
1256 1362 1299 1364 m
1327 1341 1383 1382 16,
1406 1341 1460 1375 14.

103 1395 239 1431 Verba
267 1395 484 1439 Quomodo
507 1426 514 1432 .
536 1425 543 1434 .
565 1424 574 1430 .
595 1400 794 1443 oporteat
819 1398 860 1434 in
886 1400 996 1434 textu
1018 1396 1152 1442 posuit
1179 1394 1460 1431 Schneider.

108 1469 149 1472 *v
177 1448 310 1491 17,13.
335 1449 589 1493 farrearium
618 1451 727 1496 quod
754 1451 795 1486 in
823 1451 965 1487 codice
991 1450 1063 1486 fuit
1091 1448 1320 1484 dubitanter
1346 1456 1459 1483 revo-

108 1502 208 1538 cavi.
237 1523 279 1526 —
318 1503 372 1544 17,
393 1503 450 1539 17.
486 1503 619 1539 Verba
647 1504 736 1547 Quo
774 1505 899 1540 modo
927 1525 968 1527 -κ
1004 1503 1201 1548 oporteat
1234 1500 1384 1538 omissa
1420 1500 1459 1535 in

106 1555 248 1591 codice
275 1555 314 1591 in
341 1555 455 1593 initio
482 1557 698 1593 collocavit
725 1568 775 1594 ex
802 1558 959 1594 rubrica
980 1555 1263 1593 Schneider.
1286 1575 1328 1577 —
1352 1554 1406 1595 18,
1427 1554 1459 1589 7.

107 1609 227 1653 Apud
261 1608 523 1646 Varronem
558 1610 598 1646 in
636 1621 727 1647 mea
766 1611 946 1647 editione
981 1611 1033 1646 ad
1061 1609 1151 1650 122,
1172 1609 1195 1643 5
1221 1610 1311 1654 post
1336 1608 1459 1651 sirpi-

103 1662 224 1697 culae
254 1662 285 1697 V
306 1663 430 1698 verba
454 1663 676 1699 silvaticae
707 1664 737 1699 V
763 1673 894 1700 errore
927 1663 1079 1700 omissa
1114 1671 1204 1698 esse
1231 1670 1338 1696 nunc
1364 1660 1459 1695 vidi.

107 1715 220 1756 m18,
243 1715 354 1761 llsq.
380 1714 434 1752 Cf.
456 1727 492 1761 p.
514 1716 611 1753 XIII.
628 1717 1065 1759 —18,19.const1·bi11·s
1085 1715 1259 1751 firmavit
1280 1714 1460 1750 Hauler

110 1767 237 1804 ‘Arch.
280 1769 302 1804 f.
340 1769 405 1805 lat.
438 1769 705 1816 Lexicogr.’I
742 1782 777 1816 p.
810 1770 947 1815 582sq.
984 1790 1024 1792 —
1064 1769 1118 1810 19,
1139 1769 1172 1805 7.
1212 1768 1287 1804 Pro
1323 1769 1458 1803 cetera

106 1821 288 1857 Merula
326 1824 439 1858 certa
479 1823 698 1868 proposuit.
734 1844 777 1846 ῌ
819 1824 873 1864 19,
897 1823 952 1858 14.
979 1824 1135 1858 clatros
1173 1823 1213 1857 in
1250 1821 1458 1865 fenestras

104 1875 280 1910 maioris
319 1875 478 1910 lumina
509 1875 559 1911 VI
594 1877 803 1921 bipedalis
837 1876 875 1911 X
909 1877 1056 1911 tutatur
1095 1875 1274 1910 Hauler
1308 1873 1460 1917 (=‘ffir

103 1927 276 1972 grosere
311 1927 476 1964 Fenster
510 1928 581 1964 mit
614 1930 638 1965 6
672 1928 1049 1974 Lichtoitnungen').
1077 1948 1119 1951 ὴ
1159 1927 1292 1969 19,19.
1327 1928 1459 1963 mate-

103 1982 214 2016 riam
249 1983 395 2016 tutatur
425 1980 553 2023 idem;
591 1989 629 2017 at
657 1982 703 2018 cf.
726 1982 831 2018 Keil
859 1984 1074 2018 comment.
1111 1992 1146 2026 p.
1168 1981 1226 2016 22.
1253 2001 1297 2003 Λ
1323 1980 1380 2022 22,
1400 1979 1457 2015 32.

105 2043 154 2068 eo
179 2034 395 2078 plumbum
431 2035 647 2078 effundere
680 2037 831 2071 caveat
851 2035 975 2076 Keil;
1013 2034 1059 2070 cf.
1081 2044 1118 2080 p.
1138 2033 1195 2075 23,
1216 2033 1250 2069 3.
1277 2054 1320 2056 —
1346 2033 1404 2074 23,
1424 2033 1457 2068 4.

107 2086 169 2122 De
194 2088 364 2123 cunicas
391 2086 437 2122 cf.
465 2087 644 2123 Hauler
671 2087 802 2124 ‘Arch.
828 2088 852 2123 f.
873 2088 938 2123 lat.
961 2087 1184 2133 Lexicogr.'
1214 2087 1227 2122 Ι
1254 2097 1291 2132 p.
1311 2087 1392 2122 585.
1414 2107 1455 2109 V*

103 2139 164 2181 24,
183 2139 242 2175 27.
272 2141 464 2185 picentur
488 2140 602 2176 dolia
635 2151 745 2186 quae
778 2150 881 2184 opus
907 2142 1008 2176 sunt
1031 2142 1224 2185 pic-entur
1249 2139 1458 2176 Bannier

104 2192 208 2228 Mus.
228 2192 354 2229 Rhen.
377 2193 495 2229 LXIX
516 2203 550 2228 a.
573 2194 664 2229 1914
685 2204 720 2239 p.
740 2194 822 2229 494.
838 2213 881 2217 -
896 2194 953 2234 24,
972 2194 1029 2229 29.
1052 2203 1229 2229 maenae
1256 2194 1456 2229 eluantur

103 2243 298 2291 Sauppe
323 2246 412 2281 Var.
440 2246 529 2282 lect.
551 2246 607 2282 13.
636 2268 676 2269 W
704 2247 761 2287 25,
788 2247 844 2282 25.
873 2248 987 2282 lorea
1016 2257 1085 2292 per
1121 2256 1165 2282 se
1198 2247 1349 2283 bonum
1378 2248 1456 2281 est;

179 2309 262 2337 Cato
285 2311 332 2339 De
356 2311 426 2343 agri
449 2311 579 2338 cultura
600 2312 651 2338 ed.
674 2310 803 2338 Goetz
1194 2306 1215 2340 2
