1575 2470
616 102 903 140 PRAEFATIO
1369 103 1436 138 VII

85 212 284 253 differunt,
306 214 347 246 ut
367 214 474 247 certa
496 213 535 246 et
554 211 675 256 plana
695 209 857 245 dicendi
877 209 1039 255 generis
1060 209 1294 245 recentioris
1314 210 1435 245 vesti-

87 266 155 311 gia
179 264 389 310 reliquisse
415 264 583 310 putandi
611 264 704 305 sint,
738 262 970 308 praesertim
1004 272 1095 298 cum
1129 262 1216 308 ipsa
1247 263 1434 299 materies

87 328 158 353 eos
183 318 350 353 minime
377 317 617 362 impelleret.
649 319 692 352 ut
719 317 904 353 excultae
936 316 1093 352 interim
1127 316 1318 352 orationis
1345 326 1433 361 pro-

86 380 247 416 gressus
275 370 490 416 diligenter
517 372 801 415 exaequarent.
853 370 969 406 Unde
1002 379 1083 405 non
1117 380 1239 405 ausus
1267 379 1355 404 sum
1384 379 1432 404 ex

85 423 335 460 tenuioribus
355 423 538 469 vestigiis
558 423 669 459 velut
689 433 775 468 cap.
794 423 842 458 52
862 424 903 458 ἰη
925 423 1119 458 arborem
1141 423 1366 467 relinqm'to
1382 422 1432 457 ab

86 477 144 512 eis
171 476 419 522 distinguere
446 486 550 522 quae
577 486 663 522 cap.
683 476 753 512 133
780 478 937 512 exstant
958 477 999 511 in
1021 477 1173 511 arbore
1195 477 1431 520 relinquito,

85 530 208 566 immo
235 539 326 566 cum
354 529 513 565 Keilio
540 532 710 575 utroque
735 530 827 565 loco
849 531 891 564 ἰη
912 530 1065 564 arbore
1087 529 1207 564 edidi.
1237 528 1321 564 Nec
1342 538 1431 573 pro-

83 583 218 618 babile
245 582 432 618 existimo
459 583 657 618 Paulum
680 583 846 619 Weise
867 581 1047 627 (Quaest.
1075 581 1213 618 Caton.
1235 581 1366 626 capita
1386 581 1431 616 V.

81 635 302 682 Gottingae
355 647 389 671 a.
435 636 541 681 1886)
594 637 706 673 locos
758 636 903 681 quibus
961 635 1186 681 imperativi
1245 635 1433 680 leguntur

83 692 191 725 recte
226 690 276 725 ab
323 689 380 725 eis
428 690 650 726 secrevisse
700 689 845 735 quibus
893 689 1138 726 coniunctivi
1175 688 1430 724 exhibentur:

81 743 192 787 quod
227 745 396 788 quantas
423 742 676 779 difficultates
703 743 886 784 haberet,
914 744 1066 778 dudum
1095 742 1140 778 G.
1168 742 1264 777 Ihm
1293 741 1430 783 (Indic.

85 795 220 840 philol.
240 798 266 831 t.
287 795 408 833 XVIII
430 807 465 841 p.
486 796 571 840 588)
593 797 739 832 diserte
759 797 931 837 monuit;
954 796 1066 832 cuius
1088 795 1221 831 verbis
1242 795 1430 830 addenda

80 858 187 893 quae
207 849 487 886 Edmundus
509 850 688 886 Hauler
703 849 792 895 (‘Zu
809 849 928 886 Catos
943 848 1084 885 Schrift
1100 849 1199 884 iiber
1215 849 1286 883 das
1303 848 1430 883 Land-

81 901 235 938 wesen’
264 902 437 939 Vindob.
477 913 511 938 a.
548 903 639 939 1896
665 915 702 949 p.
727 904 765 946 6)
800 904 918 939 docte
951 902 1148 938 disseruit.
1201 901 1281 937 Sed
1309 901 1428 936 etiam

79 955 147 1000 qui
174 955 356 991 eiusdem
389 956 590 1001 scriptoris
623 958 753 1002 capita
781 966 871 992 esse
897 957 949 991 ad
976 966 1100 991 unum
1128 955 1264 991 omnia
1292 963 1429 990 cense-

80 1008 146 1050 bit,
173 1018 225 1044 ne
251 1008 284 1044 is
311 1009 475 1054 quidem
503 1009 668 1045 habebit
700 1020 768 1046 cur
801 1010 937 1046 omnia
965 1010 1110 1045 eadem
1137 1011 1179 1044 ut
1206 1009 1317 1043 aiunt
1343 1017 1428 1053 per-

77 1061 158 1097 tica
182 1063 333 1098 tractet.
384 1062 503 1098 Velut
536 1064 646 1108 quod
678 1063 783 1099 Keil
817 1073 867 1098 ex
901 1072 932 1098 c.
961 1063 1057 1103 98,1
1088 1062 1351 1104 (vestimenta
1379 1071 1429 1096 ne

78 1116 218 1150 tineae
233 1115 430 1161 tanyant)
446 1116 566 1151 etiam
582 1116 622 1151 in
637 1117 777 1152 ultimo
793 1115 925 1161 capite
940 1126 1013 1151 nec
1029 1117 1166 1151 tineae
1182 1125 1255 1150 nec
1270 1124 1428 1150 uermes

79 1170 256 1213 tanyent
279 1168 415 1204 scribit
449 1179 520 1214 pro
561 1179 610 1205 eo
643 1170 752 1215 quod
786 1169 825 1204 in
860 1169 1001 1205 codice
1029 1171 1088 1204 est
1116 1178 1189 1204 nec
1216 1169 1328 1203 tinea
1356 1177 1429 1203 nec·

79 1231 238 1257 vermes
275 1223 460 1268 tanyent,
498 1232 568 1268 per
605 1233 648 1259 se
685 1224 849 1268 quidem
886 1223 1037 1257 bonum
1066 1224 1143 1257 est:
1177 1225 1216 1256 at
1243 1221 1332 1266 quis
1360 1221 1427 1256 de-

78 1275 315 1311 monstrabit
334 1276 579 1321 singularem
601 1277 678 1312 hoc
698 1277 789 1311 loco
810 1276 898 1310 ferri
919 1285 1000 1310 non
1022 1284 1154 1319 posse,
1176 1276 1315 1319 utpote
1337 1283 1426 1308 cum

78 1337 249 1373 pronum
283 1328 399 1364 fuerit
434 1328 601 1365 librariis
637 1333 797 1375 propter
825 1338 978 1364 vermes
1012 1327 1204 1373 singulari
1233 1327 1427 1372 pluralem

76 1381 286 1426 praeferre,
314 1391 395 1417 non
423 1384 557 1418 autem
584 1383 726 1429 plurali
753 1383 999 1427 singularem
1032 1381 1158 1416 multo
1187 1382 1293 1416 certe
1320 1380 1426 1415 inso-

78 1433 316 1470 lentiorem?
368 1433 421 1470 Cf.
454 1435 574 1470 etiam
611 1435 809 1471 Hauleri
847 1447 883 1481 p.
912 1435 966 1471 13.
1019 1435 1172 1470 Eodem
1206 1433 1346 1469 nescio
1376 1444 1426 1468 an

76 1489 231 1531 spectet
266 1489 375 1533 quod
412 1487 526 1524 Cato
564 1499 635 1524 sex
670 1489 770 1526 locis
802 1489 922 1524 utitur
953 1489 1080 1524 torma
1107 1488 1272 1530 oletum,
1300 1487 1425 1522 semel

76 1541 180 1586 (cap.
199 1540 260 1586 44)
288 1542 501 1577 olivetum:
538 1543 647 1587 quod
684 1543 756 1579 etsi
789 1542 907 1578 facile
941 1545 1000 1578 est
1035 1551 1126 1577 cum
1154 1541 1359 1576 Iordano
1387 1540 1426 1575 in

75 1595 231 1630 oletum
258 1597 424 1636 mutare,
459 1597 596 1631 tamen
632 1606 683 1632 ne
718 1596 796 1632 hoc
829 1595 993 1641 quidem
1026 1595 1117 1630 loco
1145 1593 1275 1629 codici
1303 1593 1425 1628 fidem

75 1647 281 1693 denegare
307 1658 429 1683 ausus
455 1659 556 1684 sum.
606 1649 726 1689 Quod
753 1649 937 1694 quamvis
964 1648 1017 1683 ita
1044 1657 1088 1683 se
1114 1647 1264 1683 habere
1292 1646 1426 1682 existi-

77 1710 202 1742 mem,
240 1703 376 1737 tamen
422 1711 474 1737 ne
520 1704 615 1747 quid
660 1702 892 1748 neglexisse
926 1702 1084 1737 viderer
1123 1701 1235 1736 locos
1274 1699 1425 1735 similes

77 1753 254 1798 potiores
281 1753 321 1789 in
354 1755 618 1791 adnotatione
650 1756 683 1791 si
717 1765 798 1792 non
826 1755 1070 1795 exscribere,
1098 1757 1137 1789 at
1163 1753 1342 1788 indicare
1367 1752 1425 1787 vi-

75 1816 166 1841 sum
187 1808 257 1842 est.
273 1807 747 1844 “Testimoniorum
768 1808 1015 1849 Varronis,
1038 1807 1105 1853 qui
1127 1807 1166 1842 in
1187 1806 1302 1842 tertio
1324 1805 1424 1841 libro

76 1869 152 1895 suo
181 1858 378 1896 Catonis
404 1861 600 1897 rationem
627 1862 766 1898 habuit
792 1861 955 1902 nullam,
982 1861 1022 1896 in
1050 1860 1231 1896 secundo
1259 1860 1340 1894 duo
1367 1859 1424 1895 lo-

78 1922 148 1948 cos
174 1922 223 1948 ex
251 1912 537 1959 Originibus
563 1915 729 1951 haustos
756 1914 803 1960 (ΙΙ
823 1915 856 1956 3,
876 1915 916 1956 3;
943 1914 974 1949 II
993 1915 1027 1955 4,
1050 1911 1108 1957 11)
1130 1911 1269 1953 attulit,
1290 1912 1424 1957 plures

76 1965 118 2000 in
143 1965 271 2010 primo
307 1966 406 2002 libro
441 1976 490 2002 ex
522 1967 610 2012 ipso
648 1978 697 2004 eo
730 1968 771 2004 in
804 1979 884 2013 quo
911 1977 1118 2003 versamur
1145 1965 1341 2011 opusculo
1368 1966 1424 2008 <ut

78 2018 144 2060 12,
164 2019 226 2061 28;
252 2020 286 2060 7,
308 2019 345 2061 1;
370 2020 410 2061 9;
438 2020 492 2062 18,
516 2021 553 2061 1;
581 2021 636 2063 19,
659 2022 694 2063 1;
715 2022 772 2063 22,
792 2022 831 2063 3;
852 2022 909 2063 23,
930 2022 969 2063 7;
990 2021 1047 2062 24,
1069 2020 1106 2061 1;
1126 2019 1166 2061 2;
1186 2019 1225 2060 3;
1245 2019 1285 2060 4;
1306 2018 1364 2059 58,
1385 2018 1423 2058 1;

73 2072 154 2116 60),
187 2072 336 2117 duplex
370 2082 460 2108 esse
491 2083 621 2119 genus
653 2074 864 2110 sciendum
892 2076 968 2110 est:
996 2075 1064 2109 aut
1089 2073 1215 2108 verba
1241 2071 1329 2116 ipsa
1355 2071 1423 2106 ad-

75 2124 274 2167 hibentur,
300 2126 376 2162 nisi
405 2127 514 2171 quod
541 2128 703 2173 saepius
737 2128 862 2164 oratio
895 2129 1004 2163 recta
1036 2126 1076 2161 in
1103 2124 1310 2170 obliquam
1336 2133 1423 2158 ver-

77 2177 179 2219 titur,
206 2181 274 2214 aut
298 2179 484 2215 liberiore
511 2181 632 2216 modo
661 2180 861 2217 Catonis
888 2181 1012 2216 verba
1045 2180 1265 2224 tanguntur
1290 2176 1424 2222 potius

78 2240 198 2275 quam
225 2232 512 2268 exscribuntur.
562 2232 651 2273 Qua
685 2235 725 2270 in
760 2244 802 2271 re
834 2233 917 2270 noli
949 2233 1113 2269 credere
1148 2240 1239 2267 eam
1265 2238 1424 2273 semper

76 2284 322 2328 praestitisse
361 2285 611 2322 Reatinum
650 2287 902 2333 diligentiam
941 2295 1062 2332 quam
1100 2293 1174 2320 nos
1202 2282 1366 2328 quidem
1400 2291 1425 2315 a
