1575 2470
138 87 162 126 8
542 80 704 117 Catonis
731 80 791 115 De
818 80 902 125 agri
929 80 1080 115 cultura

253 189 419 225 CXLVII
446 188 496 224 Vt
524 189 650 223 boves
677 187 783 223 feriis
810 187 977 232 iungere
1003 187 1073 222 tibi
1100 187 1217 222 liceat

236 242 419 278 CXLVIII
447 241 577 281 Quem
605 241 655 276 ad
683 241 848 276 modum
877 240 1010 275 lucum
1038 240 1252 275 conlucare
1278 239 1429 274 debeas

219 295 420 331 CXLVIIII
447 295 486 330 Si
525 295 663 330 fodere
701 294 826 333 voles,
863 294 987 328 altero
1026 292 1185 337 piaculo
1225 292 1319 337 quid
1351 292 1485 326 iacere

519 348 670 384 debeas

103 415 120 440 5
360 400 421 437 CL
448 401 487 437 Si
515 411 656 447 agrum
682 402 847 437 lustrare
873 401 945 442 vis,
973 400 1068 446 quid
1095 400 1225 435 facere
1252 401 1403 436 debeas

344 454 421 491 CLI
448 455 565 491 Viiici
593 455 724 491 officia

333 508 426 545 CLII
453 508 607 544 Vilicae
633 508 764 544 officia

316 562 426 599 CLIII
455 562 536 597 Lex
563 562 680 598 oleae
706 563 909 607 legundae

298 615 425 652 CLIIII
454 616 535 651 Lex
562 615 679 651 oleae
704 615 917 651 faciundae

90 679 122 706 {c
167 694 172 699 -
328 668 425 705 CLV
452 669 533 704 Lex
561 669 678 704 oleae
705 669 919 714 pendentis

312 722 425 759 CLVI
453 722 534 758 Lex
561 722 643 757 vini
671 722 885 767 pendentis

295 775 425 812 CLVII
453 776 534 811 Lex
560 776 655 811 vino
683 776 722 810 in
750 775 867 811 doliis

276 829 425 866 CLVIII
451 829 533 865 Lex
561 829 710 874 pabulo
737 829 911 865 locando

259 882 425 919 CLVIIII
451 882 513 918 De
538 882 728 918 fructibus
755 882 893 918 ovium
920 884 1148 919 vendundis

93 947 125 973 35
330 935 426 972 CLX
454 935 696 982 Cupressum
723 945 804 981 quo
832 937 953 972 modo
981 946 1090 972 seras

314 989 427 1026 CLXI
454 989 516 1025 De
542 990 675 1034 scopis
702 989 850 1034 virgeis

296 1042 426 1079 CLXII
453 1043 514 1078 De
540 1043 635 1079 vino
660 1043 817 1079 faecato

279 1096 425 1132 CLXIII
452 1097 599 1132 Vinum
627 1097 874 1142 emptoribus
901 1108 981 1143 quo
1008 1100 1130 1135 modo
1158 1099 1333 1135 metiaris

262 1149 426 1186 CLXIIII
453 1150 527 1185 Per
553 1151 728 1186 hiemem
756 1161 902 1196 aquam
930 1152 981 1187 de
1007 1161 1105 1197 agro
1132 1152 1336 1197 depellere

92 1212 127 1238 20
291 1203 424 1239 CLXV
452 1204 633 1239 Brassica
661 1207 757 1249 quot
785 1204 1081 1240 medicamenta
1106 1205 1146 1240 in
1174 1215 1216 1241 se
1243 1206 1391 1241 habeat

280 1256 429 1293 CLXVI
457 1257 604 1292 Alvum
632 1258 664 1293 si
691 1257 806 1294 voles
833 1258 1004 1299 deicere,
1032 1259 1128 1304 quid
1154 1259 1286 1295 facere
1313 1259 1464 1295 debeas

263 1310 430 1346 CLXVII
457 1310 707 1356 Intertrigini,
734 1312 766 1347 si
793 1311 859 1346 via
886 1311 972 1353 ibis,
1000 1312 1221 1347 remedium

245 1363 429 1400 CLXVIII
457 1364 611 1400 Luxum
639 1367 680 1400 ut
707 1368 898 1401 excantes

228 1416 428 1453 CLXVIIII
455 1418 689 1463 Asparagus
715 1428 795 1463 quo
823 1419 945 1455 modo
973 1422 1124 1455 seratur

94 1478 129 1504 25
293 1470 426 1506 CLXX
454 1471 514 1506 De
540 1472 692 1507 salsura
719 1472 864 1507 ofellae
891 1472 1138 1508 Puteolanae

199 1558 219 1589 5
245 1558 394 1589 lustrare
420 1559 474 1589 vis
506 1558 590 1590 Vict.
618 1558 824 1590 lustraueris
861 1560 872 1595 11
911 1559 930 1590 7
952 1559 1091 1592 Vilicae
1122 1560 1246 1592 officia
1271 1569 1342 1592 om.
1368 1560 1446 1593 Pol.
1475 1570 1494 1592 c

149 1607 283 1643 postea
311 1606 399 1637 add.
425 1605 457 1637 A
501 1603 512 1644 ΙΙ
558 1605 600 1637 14
626 1605 682 1638 De
707 1605 881 1638 fructibus
907 1607 1030 1638 oqum
1066 1607 1274 1640 uendundis
1301 1616 1433 1647 apoyr.
1459 1610 1496 1639 et

157 1652 242 1684 Viet.
269 1652 417 1684 Fructus
449 1650 521 1691 (De
553 1653 726 1685 fructibus
752 1651 847 1692 Pol.)
874 1654 997 1686 ouium
1031 1664 1103 1694 qua
1135 1656 1217 1695 lege
1250 1656 1403 1686 uenierit
1428 1654 1460 1687 V
1486 1653 1496 1694 ἶ]

154 1699 196 1731 18
223 1700 429 1731 admetiaris
457 1710 477 1731 v
505 1700 584 1732 Keil
603 1697 614 1737 ΙΙ
634 1700 678 1732 20
705 1701 805 1739 quod
825 1698 895 1739 1121
927 1701 1083 1734 deiicere
1110 1713 1132 1733 v
1158 1702 1315 1735 deficere
