1618 2470
155 67 214 105 60
752 59 914 96 Catonis

152 177 231 212 que
253 177 499 212 quemquam
520 177 593 202 suo
616 168 710 203 dolo
733 167 839 203 malo
862 177 909 202 ea
931 167 1079 203 oletate
1100 177 1149 202 ex
1170 168 1294 203 fundo
1316 167 1356 202 L.
1369 167 1504 202 Manli.

153 221 219 266 qui
248 231 387 256 eorum
415 230 496 256 non
524 221 578 256 ita
604 221 804 261 iuraverit,
832 221 942 265 quod
968 220 1000 255 is
1027 221 1170 266 legerit
1197 230 1329 261 omne,
1357 230 1427 265 pro
1455 230 1506 256 eo

153 277 365 320 argentum
392 284 513 309 nemo
541 274 651 309 dabit
678 284 812 319 neque
845 274 1067 309 debebitur.
1118 274 1251 309 oleam
1280 274 1372 319 cogi
1399 276 1507 309 recte

154 328 248 363 satis
282 329 376 364 dato
410 327 597 363 arbitratu
633 328 671 362 L.
694 328 828 363 Manli.
880 327 1014 362 scalae
1050 327 1102 362 ita
1135 327 1191 362 uti
1230 328 1348 363 datae
1382 330 1506 367 erunt,

116 389 133 414 5
155 382 207 416 ita
234 381 403 422 reddito,
425 381 501 416 nisi
528 390 632 426 quae
659 383 861 416 vetustate
886 381 1034 416 fractae
1062 383 1187 416 erunt.
1233 381 1264 416 si
1285 391 1366 416 non
1394 383 1508 416 erunt

103 434 127 469 3
155 435 294 470 reddet
320 433 348 479 -ζ-
376 443 533 479 eaeque
565 434 752 469 arbitratu
788 435 1020 469 deducetur.
1072 434 1204 479 siquid
1242 434 1507 479 redemptoris

155 497 277 533 opera
314 487 480 523 domino
517 488 652 522 damni
690 488 826 522 datum
864 488 946 529 erit,
982 487 1191 523 resolvito:
1228 487 1268 522 id
1303 487 1375 522 viri
1410 487 1506 523 boni

154 541 341 576 arbitratu
370 541 601 576 deducetur.
648 541 817 586 legulos,
845 544 941 586 quot
969 551 1070 586 opus
1098 543 1222 582 erunt,
1249 541 1440 585 praebeto
1469 543 1507 575 et

153 593 421 639 s<tr>ictores.
473 594 506 629 si
532 603 614 629 non
642 594 879 639 praebuerit,
907 594 1043 639 quanti
1071 594 1315 629 conductum
1344 593 1415 629 erit
1440 596 1508 628 aut

103 654 137 682 ao
156 648 331 683 locatum
359 647 441 688 erit,
469 648 707 683 deducetur:
734 650 845 683 tanto
873 647 1005 683 minus
1032 647 1254 683 debebitur.
1306 647 1357 682 de
1382 647 1507 682 fundo

156 701 265 746 ligna
294 704 331 736 et
359 701 491 736 oleam
518 710 570 735 ne
591 701 814 746 deportato.
854 701 920 746 qui
943 701 1075 736 oleam
1096 701 1249 746 legerit,
1272 700 1338 745 qui
1366 701 1508 744 depor-

155 754 253 795 tarit,
281 754 320 789 in
348 754 528 799 singulas
556 754 856 799 deportationes
883 761 949 789 ss.
978 762 1017 789 N.
1046 762 1071 788 11
1100 755 1349 790 deducentur
1375 763 1508 798 neque

106 808 129 841 4
156 807 196 842 id
224 808 446 842 debebitur.
473 817 637 843 omnem
659 808 791 842 oleam
814 817 953 852 puram
975 808 1159 842 metietur
1179 807 1316 843 modio
1344 806 1507 843 oleario.

157 861 350 896 adsiduos
376 860 563 896 homines
584 869 606 895 L
627 861 831 905 praebeto,
860 861 960 896 duas
988 864 1119 906 partes
1146 861 1369 896 strictorum
1396 869 1509 905 prae-

104 922 138 948 15
157 915 264 950 beto.
292 914 435 959 nequis
457 915 665 954 concedat,
687 924 767 959 quo
789 914 880 949 olea
901 914 1079 959 legunda
1101 917 1138 949 et
1164 914 1353 949 faciunda
1379 913 1509 949 carius

158 968 320 1009 locetur,
343 970 452 1003 extra
473 977 594 1012 quam
615 968 771 1012 siquem
793 967 948 1003 socium
969 967 1327 1012 inpraesentiarum
1354 966 1508 1002 dixerit.

158 1021 283 1066 siquis
316 1022 530 1056 adversum
566 1030 614 1056 ea
639 1021 801 1061 ⁴fecerit,
830 1021 861 1055 si
889 1021 1077 1056 dominus
1105 1023 1172 1056 aut
1199 1023 1333 1056 custos
1358 1019 1508 1059 volent,

110 1075 132 1108 5
159 1075 288 1110 iurent
321 1084 463 1110 omnes
490 1074 600 1109 socii.
652 1074 683 1109 si
711 1084 791 1109 non
826 1074 879 1108 ita
905 1074 1137 1115 iuraverint,
1165 1083 1235 1119 pro
1263 1083 1311 1109 ea
1338 1073 1428 1108 olea
1454 1072 1510 1108 le-

159 1129 297 1173 gunda
326 1130 363 1163 et
388 1128 576 1163 faciunda
604 1136 723 1162 nemo
746 1127 856 1162 dabit
877 1136 1010 1171 neque
1032 1127 1243 1162 debebitur
1270 1126 1306 1162 ei
1334 1126 1401 1171 qui
1427 1135 1509 1161 non

106 1205 359 1240 zoiuraverit.
412 1205 686 1240 accessiones:
727 1204 766 1239 in
799 1191 831 1242 191
860 1213 909 1238 x
946 1210 996 1238 CC
1032 1204 1187 1239 accedit
1226 1203 1342 1239 oleae
1379 1203 1511 1238 salsae

162 1270 193 1320 191
222 1289 261 1323 V,
283 1282 362 1317 olei
383 1282 469 1326 puri
491 1289 524 1315 P.
546 1289 645 1321 V1111,
668 1281 706 1315 in
734 1284 816 1316 tota
843 1281 992 1316 oletate
1013 1279 1081 1325 [ss
1095 1279 1137 1325 v]
1160 1280 1262 1316 aceti
1284 1286 1324 1318 Q.
1339 1287 1378 1315 V.
1401 1279 1509 1324 quod

162 1335 279 1371 oleae
306 1335 437 1370 salsae
464 1344 544 1370 non
572 1334 810 1378 acceperint,
836 1334 930 1368 dum
958 1333 1089 1368 oleam
1117 1334 1265 1378 legent,
1286 1333 1325 1368 in
1353 1332 1511 1368 modios

162 1389 343 1433 singulos
370 1395 402 1423 S.
425 1395 533 1423 888-
554 1390 638 1431 <v>
666 1388 876 1422 dabuntur.

88 1440 240 1486 CXLV]
310 1440 452 1477 Oleam
490 1441 719 1476 faciundam
759 1441 834 1476 hac
873 1441 965 1485 lege
1003 1442 1160 1484 oportet
1197 1440 1341 1475 locare.
1391 1439 1510 1474 facito

108 1503 144 1529 25
164 1498 271 1530 recte
299 1495 485 1530 arbitratu
515 1494 666 1530 domini
694 1497 761 1529 aut
788 1494 976 1533 custodis,
1005 1493 1071 1537 qui
1099 1493 1138 1527 id
1165 1492 1373 1537 negotium
1401 1501 1511 1527 cura-

163 1548 229 1583 bit.
276 1548 307 1583 si
335 1558 406 1583 sex
434 1548 538 1593 iugis
565 1548 673 1582 vasis
700 1557 802 1592 opus
830 1547 911 1587 erit,
935 1546 1066 1581 facito.
1094 1546 1279 1581 homines
1307 1555 1377 1581 eos
1404 1545 1510 1584 dato,

165 1602 231 1646 qui
258 1602 475 1646 placebunt
496 1604 563 1636 aut
583 1601 739 1636 custodi
761 1604 827 1635 aut
848 1600 937 1645 quis
958 1609 1047 1635 eam
1075 1599 1207 1635 oleam
1235 1599 1386 1634 emerit.
1401 1600 1512 1639 †tra-

165 1656 245 1699 peti
272 1655 403 1690 facito.
437 1655 469 1690 si
503 1654 672 1699 operarii
706 1654 893 1689 conducti
931 1655 1044 1689 erunt
1070 1655 1137 1687 aut
1163 1652 1348 1687 facienda
1380 1652 1513 1687 locata

216 1777 229 1807 1
260 1777 407 1808 oleitate
434 1786 456 1808 v
483 1779 640 1808 oleatate
669 1774 727 1816 (cf.
756 1786 838 1816 cap.
864 1775 918 1816 68)
944 1774 956 1815 ss
981 1776 1002 1807 6
1029 1783 1146 1814 eeque
1181 1773 1185 1814 Ι
1221 1776 1250 1806 si
1278 1783 1353 1806 non
1387 1774 1514 1806 reddet

167 1833 323 1863 aequom
346 1821 523 1864 <solvito,
552 1824 587 1856 id
613 1826 676 1855 viri
710 1822 824 1863 boni>
854 1825 1023 1855 arbitratu
1051 1832 1094 1854 ex
1120 1826 1189 1859 146,
1210 1826 1229 1852 3
1255 1822 1345 1853 Keil.
1381 1823 1410 1853 si
1438 1830 1513 1853 non

167 1875 269 1903 erunt
295 1872 469 1908 redditae,
496 1880 652 1910 aequom
681 1867 773 1911 <viri
801 1868 916 1910 boni>
945 1871 1113 1902 arbitratu
1133 1870 1346 1907 Mommsen,
1373 1869 1514 1900 Hauler

164 1929 201 1957 p.
222 1923 261 1950 25
296 1917 300 1956 1
342 1919 540 1950 deducetur
567 1928 588 1950 v
619 1919 806 1950 reducetur
842 1916 853 1958 Η
890 1918 911 1949 9
939 1918 1025 1950 add.
1058 1918 1142 1948 Viet.
1170 1926 1248 1948 cum
1278 1917 1310 1947 A
1347 1914 1358 1955 11
1399 1916 1436 1947 11
1466 1924 1513 1947 ne

168 1967 359 2004 deportato
384 1967 548 2006 plurima
576 1975 707 2006 apoyr.
735 1974 809 1997 non
837 1966 1026 2004 deportato
1054 1964 1116 1996 Vb
1155 1961 1164 2003 ΙΙ
1206 1964 1246 1995 15
1274 1964 1444 1995 faciunda
1470 1963 1513 1993 fv

169 2013 338 2045 iacienda
357 2011 368 2053 ΙΙ
388 2013 433 2044 20
459 2015 693 2053 interpunxit
716 2013 917 2044 Mommsen
945 2022 1025 2044 eum
1053 2013 1151 2043 aliis.
1202 2012 1436 2043 accessiones
1457 2035 1464 2042 .
1480 2035 1487 2042 .
1506 2036 1513 2041 .

170 2061 347 2092 accedent
382 2070 461 2092 cum
500 2061 571 2092 luc.
605 2061 685 2092 Keil
716 2058 778 2100 (cf.
797 2064 848 2097 56,
871 2057 925 2095 15)
956 2057 967 2098 ΙΙ
999 2059 1039 2090 21
1070 2060 1217 2090 oleitate
1244 2067 1266 2089 v
1296 2056 1357 2097 (cf.
1378 2067 1407 2089 c.
1422 2055 1477 2096 68)

170 2109 240 2139 del.
266 2108 345 2139 Keil
370 2105 381 2147 {I
412 2108 456 2139 22
484 2109 690 2146 acceperint
716 2117 848 2147 apoyr.
875 2110 1093 2145 acceperunt
1119 2106 1150 2138 V
1181 2104 1191 2144 ΙΙ
1223 2106 1266 2137 23
1293 2109 1326 2136 S.
1354 2108 1386 2137 S.
1405 2107 1515 2136 §SV

168 2155 350 2186 dabuntur
392 2156 471 2187 Keil
508 2158 567 2187 -SS
600 2152 633 2187 ‘sl
661 2158 682 2186 S
727 2155 906 2186 dabuntur
949 2151 960 2193 ΙΙ
1004 2153 1047 2184 24
1075 2153 1114 2185 R.
1143 2152 1259 2184 CLIIII
1301 2152 1375 2184 Lex
1407 2153 1513 2184 oleae

170 2202 365 2234 faciundae
402 2200 413 2241 ΙΙ
451 2203 494 2234 27
522 2203 671 2234 domino
704 2205 765 2233 aut
794 2202 931 2234 Usener
955 2201 1049 2232 Mus.
1076 2201 1188 2232 Ii’lzen.
1215 2209 1249 2232 α.
1278 2203 1357 2231 1864
1387 2209 1424 2239 ρ.
1444 2204 1513 2237 141,

172 2249 250 2281 Keil
281 2246 286 2288 ἦ
318 2259 457 2281 crucem
486 2251 619 2282 addidi
644 2250 792 2287 trapetis
825 2249 932 2281 Schn.
972 2251 1147 2286 trapetum
1181 2248 1260 2279 Keil
1283 2246 1286 2286 Ι
1310 2257 1358 2279 an
1387 2242 1514 2288 em<e-

173 2298 224 2328 rit.
251 2297 282 2328 si
309 2294 430 2337 opus>
458 2298 523 2329 erit
548 2298 676 2335 trapeti
704 2297 773 2337 (vel
800 2290 991 2336 trapetis)?
