1618 2470
470 81 531 117 De
558 81 643 125 agri
671 80 823 116 cultura
851 89 882 114 c.
906 79 1045 114 14—18
1386 83 1436 122 21

92 189 182 233 plus
209 197 368 223 menses
395 195 480 223 VIII.
530 187 770 223 hornotinae
802 196 928 222 nuces
964 185 1112 220 virides
1146 188 1248 220 sunt.
1301 185 1443 225 ulmus,

93 252 184 277 cum
209 241 304 277 folia
330 241 490 282 cadunt,
517 243 601 276 tum
628 240 770 276 iterum
796 239 1039 285 tempestiva
1066 241 1137 274 est.

138 294 411 331 Torcularium
437 294 470 329 si
498 294 713 330 aedificare
739 293 854 329 voles
887 292 1093 338 quadrinis
1120 292 1240 333 vasis,
1268 292 1323 327 uti
1380 290 1517 336 [XVIII

93 350 230 384 contra
257 357 326 383 ora
352 347 467 388 sient,
495 348 547 382 ad
572 347 680 382 hunc
702 348 868 383 modum
889 357 988 382 vasa
1010 345 1242 390 conponito.
1282 346 1444 380 arbores

92 411 247 437 crassas
273 408 308 437 P.
328 409 367 442 11,
394 401 494 436 altas
527 408 560 435 P.
576 408 664 435 VIIII
693 410 783 436 cum
811 400 1058 441 cardinibus,
1092 400 1288 436 foramina
1320 399 1443 444 longa
1482 405 1499 431 5

92 462 188 490 P.111
210 461 231 489 S
259 454 446 499 exculpta
479 454 590 499 digit.
617 461 672 495 VI,
711 454 761 489 ab
789 454 876 489 solo
909 454 1090 489 foramen
1122 453 1295 498 primum
1323 460 1357 488 P.
1379 461 1390 487 Ι
1412 459 1444 493 S,
1472 451 1493 485 2

93 508 194 543 inter
220 507 382 543 arbores
410 510 448 543 et
475 506 652 552 [arbores
675 505 725 552 et]
754 507 928 552 parietes
949 515 983 542 P.
1005 515 1044 548 II,
1065 507 1105 541 in
1127 515 1153 541 11
1175 507 1338 542 arbores
1365 514 1398 541 P.
1422 514 1444 545 1.

91 561 254 597 arbores
281 561 333 596 ad
353 561 530 606 stipitem
550 560 722 605 primum
745 561 927 596 derectas
948 568 983 595 P.
1004 567 1090 600 XVI,
1111 559 1266 604 stipites
1288 568 1445 594 crassos

91 622 125 650 P.
153 622 192 656 11,
219 615 322 650 altos
349 624 440 649 curn
468 614 697 650 cardinibus
724 621 758 649 P.
786 621 830 654 X,
859 614 1041 649 suculam
1077 615 1235 658 praeter
1262 612 1446 648 cardines

92 676 126 704 P.
140 675 241 709 VIIII,
268 668 423 713 prelum
449 667 618 713 longum
646 675 679 703 P.
702 674 803 708 XXV,
831 667 929 702 inibi
956 667 1153 712 lingulam
1175 674 1209 700 P.
1231 674 1256 700 II
1279 672 1312 707 S,
1333 666 1443 710 pavi·
1468 672 1502 699 10

92 724 273 757 mentum
299 721 404 757 biniS
423 721 532 756 vasis
559 730 650 756 cum
678 721 887 756 canalibus
914 721 1072 756 duabus
1099 727 1134 755 P.
1155 726 1256 759 XXX,
1285 727 1341 753 IIII
1369 721 1444 753 tra-

92 774 252 820 petibus
278 775 413 810 locum
440 775 579 809 dextra
606 774 763 810 sinistra
799 774 1079 819 pavimentum
1106 781 1140 807 P.
1161 780 1232 812 XX,
1261 772 1363 807 inter
1388 772 1445 807 bi·
1472 771 1495 806 3

93 838 167 864 nos
194 828 347 873 stipites
373 828 558 863 vectibus
590 828 724 863 locum
752 835 786 863 P.
807 835 916 868 XXII,
949 827 1082 862 alteris
1109 826 1218 861 vasis
1252 825 1446 861 exadver-

92 892 180 917 sum
208 882 257 917 ab
285 881 419 927 stipite
445 883 624 917 extremo
653 882 704 916 ad
736 881 932 925 parietem
966 881 1033 926 qui
1060 889 1168 926 pone
1195 879 1359 915 arbores
1388 882 1447 914 est

93 943 127 970 P.
148 943 224 971 XX:
252 944 409 970 summa
434 935 649 971 torculario
676 935 785 970 vasis
813 934 1018 980 quadrinis
1046 934 1257 969 latitudine
1279 941 1314 969 P.
1334 941 1446 973 LXVI,
1469 941 1502 966 15

92 988 346 1034 longitudine
372 996 407 1024 P.
428 996 494 1023 LII.
540 989 640 1024 inter
667 989 852 1034 parietes,
879 989 1042 1024 arbores
1074 987 1143 1023 ubi
1171 990 1334 1028 statues,
1361 987 1446 1021 fun-

92 1043 283 1078 damenta
315 1043 423 1078 bona
454 1043 575 1078 facito
603 1043 682 1078 alta
709 1050 744 1078 P.
758 1050 798 1083 V,
826 1042 924 1077 inibi
958 1041 1114 1087 lapides
1141 1041 1292 1081 silices,
1319 1042 1447 1075 totum

90 1097 220 1131 forum
240 1095 408 1141 longum
430 1104 464 1131 P.
479 1103 519 1137 v,
539 1096 663 1131 latum
686 1104 719 1131 P.
736 1103 762 1130 II
785 1102 816 1137 S,
839 1105 1016 1131 crassum
1038 1102 1072 1129 P.
1094 1102 1105 1128 I
1127 1101 1160 1129 S.
1187 1094 1242 1129 ibi
1263 1094 1444 1129 foramen
1472 1094 1497 1127 4

93 1149 292 1194 pedicinis
313 1150 473 1185 duobus
498 1150 631 1191 facito,
659 1150 713 1185 ibi
741 1149 904 1185 arbores
931 1147 1121 1193 pedicino
1143 1147 1182 1182 in
1207 1147 1344 1191 lapide
1370 1149 1446 1182 sta-

91 1203 203 1238 tuito.
254 1203 356 1238 inter
388 1204 488 1238 duas
522 1204 686 1239 arbores
720 1203 829 1248 quod
862 1202 940 1237 loci
973 1200 1169 1246 supererit
1200 1201 1346 1236 robore
1379 1209 1445 1235 ex·
1467 1207 1506 1234 20

93 1256 214 1301 pleto,
242 1266 291 1292 eo
319 1256 528 1302 plumbum
556 1256 765 1291 infundite.
802 1254 1052 1300 superiorem
1079 1256 1232 1298 partem
1260 1253 1447 1289 arborum

94 1309 243 1355 digitos
276 1317 318 1344 VI
358 1310 479 1345 altam
518 1310 638 1345 facito
678 1309 770 1350 siet,
811 1318 860 1344 eo
895 1307 1114 1352 capitulum
1148 1307 1357 1342 robustum
1390 1306 1447 1342 in-

93 1363 195 1405 dito,
228 1363 284 1398 uti
317 1363 393 1399 siet
430 1363 586 1408 stipites
622 1363 690 1398 ubi
731 1364 846 1398 stent.
896 1361 1161 1396 fundamenta
1199 1367 1233 1394 P.
1255 1367 1284 1394 v
1316 1359 1447 1401 facito,
1474 1362 1496 1395 5

94 1417 148 1452 ibi
181 1417 336 1452 silicem
368 1417 537 1462 longum
570 1425 604 1452 P.
632 1424 658 1451 II
687 1423 725 1457 S,
764 1416 889 1451 latum
924 1422 957 1449 P.
985 1421 1012 1448 II
1040 1420 1078 1454 S,
1120 1423 1299 1448 crassum
1332 1420 1399 1449 P.1
1427 1420 1448 1448 S

92 1470 258 1515 planum
286 1470 460 1511 statuito,
487 1470 541 1506 ibi
568 1470 724 1515 stipites
748 1469 923 1505 statuito.
951 1467 1047 1502 item
1075 1467 1243 1502 alterum
1271 1467 1447 1512 stipitem
1467 1474 1505 1501 25

93 1523 267 1559 statuito.
318 1523 482 1568 insuper
507 1523 671 1558 arbores
698 1522 936 1567 stipitesque
962 1521 1116 1556 trabem
1145 1520 1307 1565 planam
1334 1520 1447 1566 inpo-

93 1577 177 1613 nito
197 1576 320 1612 latam
341 1584 375 1612 P.
396 1584 437 1618 11,
458 1586 633 1612 crassam
654 1584 688 1611 P.
709 1584 733 1617 1,
758 1576 923 1620 longam
944 1582 978 1610 P.
994 1581 1157 1615 XXXVII,
1178 1574 1244 1608 vel
1266 1574 1448 1618 duplices

93 1630 232 1672 indito,
260 1630 292 1665 si
319 1629 470 1666 solidas
496 1639 578 1665 non
605 1629 787 1665 habebis.
815 1629 889 1664 sub
919 1637 987 1663 eas
1014 1627 1147 1662 trabes
1174 1626 1276 1662 inter
1297 1627 1448 1662 canalis

95 1686 133 1718 et
158 1683 332 1729 parietes
359 1685 573 1724 extremos,
598 1682 668 1718 ubi
693 1682 837 1728 trapeti
873 1684 989 1722 stent,
1015 1680 1264 1716 trabeculam
1297 1676 1448 1725 pedurn

94 1744 198 1771 XXIII
226 1743 247 1772 S
273 1736 456 1782 inponito
484 1735 824 1781 sesquipedalem,
853 1737 921 1770 aut
953 1734 1070 1769 binas
1103 1743 1173 1778 pro
1201 1733 1371 1778 singulis
1399 1743 1448 1768 eo
1468 1741 1508 1768 30³

94 1790 324 1835 supponito.
363 1790 404 1825 in
437 1790 485 1825 iis
517 1789 734 1825 trabeculis
766 1789 917 1829 trabes,
951 1797 1055 1833 quae
1090 1787 1254 1831 insuper
1286 1787 1450 1823 arbores
1475 1787 1502 1821 6

94 1843 250 1888 stipites
271 1845 386 1884 stant,
408 1843 638 1879 conlocato:
660 1843 700 1878 in
721 1842 769 1878 iis
786 1842 909 1888 tignis
930 1841 1104 1886 parietes
1126 1840 1297 1876 extruito
1319 1840 1448 1885 iungi-

93 1900 218 1941 toque
251 1896 460 1938 materiae,
488 1896 544 1931 uti
576 1896 710 1932 oneris
742 1895 838 1931 satis
871 1895 1031 1930 habeat.
1071 1903 1180 1929 aram
1214 1894 1281 1929 ubi
1313 1893 1449 1934 facies,

94 1950 222 1994 pedes
241 1956 271 1984 V
290 1950 553 1985 fundamenta
573 1949 653 1985 alta
678 1949 810 1990 facito,
832 1948 912 1983 lata
938 1956 972 1983 P.
984 1955 1039 1988 VI,
1061 1957 1171 1982 aram
1199 1949 1238 1982 et
1265 1947 1449 1982 canalem
1468 1955 1503 1980 34

95 2003 309 2045 rutundam
335 2002 454 2038 facito
480 2003 603 2038 latam
624 2010 657 2038 P.
679 2010 736 2037 IIII
758 2009 790 2043 S,
815 2004 993 2037 ceterum
1015 2000 1294 2045 pavimentum
1321 2002 1449 2035 toturn
1476 2000 1500 2034 Τ

141 2090 163 2122 3
189 2089 230 2121 R.
249 2088 330 2121 XXI
355 2088 603 2121 Torcularium
630 2090 660 2121 si
687 2089 885 2121 aedificare
912 2088 1017 2120 uoles
1052 2085 1056 2125 Ι
1093 2087 1282 2126 quadrinis
1311 2086 1449 2118 Turne-

97 2138 166 2169 bus
190 2138 282 2169 Adv.
304 2141 332 2175 7,
352 2140 393 2168 25
419 2137 607 2175 quadridis
632 2134 643 2176 Η
676 2137 696 2168 7
723 2145 794 2168 om.
817 2145 841 2167 v
867 2137 913 2176 cf.
937 2136 1059 2175 praef.
1086 2132 1097 2174 11
1129 2133 1150 2165 8
1177 2134 1344 2166 derectas
1370 2133 1450 2165 Keil

95 2184 263 2216 derectos
309 2182 314 2222 1
360 2192 504 2216 crassos
532 2188 566 2215 P.
582 2188 620 2221 11,
648 2185 742 2216 altos
764 2184 873 2215 Pont.
895 2183 1007 2215 crassi
1028 2186 1062 2214 P.
1078 2187 1104 2214 II
1126 2181 1187 2213 alti
1233 2179 1244 2220 ΙΙ
1290 2181 1329 2212 11
1359 2181 1448 2212 dua-

95 2232 165 2263 bus
190 2231 272 2263 Keil
297 2231 443 2263 duobus
462 2228 473 2270 11
495 2230 538 2262 14
565 2232 611 2263 ab
637 2232 762 2270 stipite
781 2231 814 2263 V
840 2240 861 2262 a
887 2231 1012 2269 stipite
1038 2239 1171 2270 apoyr.
1192 2225 1203 2268 ΙΙ
1223 2229 1268 2260 22
1296 2228 1405 2260 altam
1427 2237 1450 2258 v

97 2278 208 2310 altum
231 2276 236 2317 Ι
258 2279 328 2310 siet
353 2280 424 2310 del.
444 2279 591 2316 Meurs„
618 2279 718 2316 Keil,·
745 2279 790 2318 cf.
809 2279 930 2318 praef.
955 2274 959 2317 Ι
982 2277 1122 2309 indicto
1148 2276 1181 2309 V
1200 2273 1212 2316 Η
1231 2276 1276 2308 30
1300 2279 1405 2307 XXIII
1428 2278 1451 2304 S

95 2334 229 2365 apoyr.
256 2329 375 2357 XXIIII
398 2328 440 2357 ·S-
466 2326 544 2357 Pol.
