1575 2470
87 62 173 96 XIV
619 59 906 95 PRAEFATIO

90 168 315 204 conferetur
329 166 560 211 anticipatio
583 177 633 201 ex
653 166 810 201 Plauti
825 166 969 201 fabulis
990 168 1096 206 nota,
1117 166 1229 200 cuius
1251 165 1437 210 exempla

94 221 287 257 nonnulla
314 219 519 265 congessit
545 219 722 264 Ussing
748 219 799 253 ad
825 218 915 254 Aul.
939 219 1003 253 661
1029 218 1172 260 (nimio
1200 219 1334 253 hercle
1360 227 1437 263 eyo

90 274 206 309 illum
234 282 398 309 corvom
421 273 478 307 acl
498 282 562 307 me
583 273 725 307 veniat
745 272 885 313 z›elim,·
911 271 957 306 cf.
979 271 1058 306 Mil.
1080 271 1132 316 gl.
1153 271 1238 307 148:
1265 280 1438 316 eumque

90 329 149 362 ita
174 327 177 369 ξ
199 326 413 362 Faciemus
435 327 481 361 ut
500 325 614 370 quod
634 325 785 360 valerii
804 334 854 359 ne
875 324 1063 366 viderit);
1088 333 1332 368 quamquam
1353 333 1435 359 rem

92 389 172 415 non
209 388 369 424 prorsus
406 379 578 414 eandem
608 387 697 413 esse
724 377 810 422 ipse
837 376 1042 422 intellego.
1094 376 1208 412 Certe
1234 377 1354 412 tutius
1379 376 1437 410 vi-

91 443 178 468 sum
207 435 265 468 est
292 441 418 467 uncos
445 440 665 466 removere.
705 429 824 469 Quod
849 439 947 465 vero
967 440 1004 474 p.
1024 429 1081 470 68,
1102 430 1117 465 1
1143 430 1300 465 morbis
1320 429 1435 465 inter-

92 486 270 530 polatum
298 494 388 520 esse
414 485 498 519 vult
525 483 647 524 Keil,
675 483 792 518 huius
814 483 1053 528 suspicionis
1076 492 1166 518 cum
1187 483 1296 518 nulla
1316 492 1437 518 causa

93 538 364 584 perspiciatur,
392 538 560 579 morbis,
588 537 663 572 nisi
691 537 855 581 quidem
884 546 934 571 ex
961 536 1169 571 morbosis
1202 539 1340 571 natum
1368 540 1438 575 est,

92 592 230 627 nescio
266 601 317 626 an
354 591 608 626 retinendum
645 589 704 625 sit.
755 589 840 625 Nec
874 589 1005 634 magis
1039 599 1146 634 opus
1173 591 1236 624 est
1260 599 1297 634 p.
1317 588 1440 630 20,13

92 645 200 680 unde
226 644 388 679 venisse
416 643 548 678 dicam
576 643 709 678 habeo
737 642 827 686 (nisi
855 643 964 687 quod
986 652 1092 687 opus
1114 641 1344 687 praecedit),
1366 643 1439 677 etsi

92 698 188 742 quin
215 697 391 732 alienum
419 696 468 732 sit
494 705 575 731 non
603 696 734 730 minus
761 695 900 731 dubito
923 705 1043 740 quam
1065 696 1173 740 quod
1192 695 1248 736 41,
1270 696 1315 730 14
1335 694 1438 730 Keil

94 750 253 786 inclusit
278 750 425 785 solam.
477 749 517 784 P.
541 749 594 789 19,
615 749 637 783 6
664 749 773 793 quod
809 748 954 793 legitur
985 749 1349 793 centumpondium
1377 749 1439 783 in-

91 805 247 839 certum
269 803 345 838 nisi
366 804 566 838 incertum
590 811 679 837 cum
700 801 823 836 Turn
836 802 918 837 ebo
935 818 976 828 ε
993 812 1076 837 non
1096 803 1301 846 partitum
1323 802 1439 836 inter—

95 856 330 901 pretaberis,
369 858 597 900 corruptum
636 855 768 900 potius
803 864 923 899 quam
958 854 1239 899 interpolatum
1277 863 1438 890 censeo.

93 910 127 945 A
147 910 294 945 talibus
315 909 600 944 additamentis
621 909 673 943 ad
694 908 847 944 maiora
867 908 1066 953 progredi,
1087 910 1129 943 ut
1148 919 1184 953 p.
1200 909 1255 949 10,
1275 908 1298 943 9
1317 908 1441 943 verba

92 964 358 999 instrumenti
385 972 435 997 ηρ
461 963 606 1006 magni
630 963 718 1004 siet,
747 962 836 996 loeo
859 962 967 996 bono
987 963 1068 996 siet
1087 961 1180 997 Leo
1203 960 1381 1003 (Gesch.
1403 962 1439 996 d.

94 1018 190 1051 rom.
219 1015 303 1050 Lit.’
333 1025 369 1060 p.
395 1016 460 1050 471
499 1016 588 1050 adn.
615 1015 651 1057 2)
692 1023 781 1049 cum
822 1014 1096 1050 Pontedera
1136 1014 1342 1050 damnavit
1373 1014 1439 1049 vel

94 1080 131 1114 p.
150 1069 207 1110 52,
228 1069 339 1113 25sq.
365 1069 490 1104 verba
518 1067 650 1103 Canes
750 1068 836 1102 sint
862 1067 902 1102 P.
923 1067 1088 1102 Weise
1108 1078 1144 1112 p.
1170 1068 1238 1103 114
1266 1067 1440 1103 delenda

94 1122 250 1157 censuit
275 1122 336 1164 (ci.
358 1131 394 1166 p.
415 1120 498 1164 VI),
528 1130 609 1156 non
636 1130 757 1155 ausus
790 1130 895 1155 sum:
924 1120 1024 1156 istae
1051 1120 1158 1156 enim
1186 1120 1440 1156 difficultates

95 1185 194 1220 quas
227 1177 384 1210 exstare
415 1174 532 1209 facile
560 1174 742 1209 concedo
769 1173 908 1209 nescio
935 1183 985 1208 an
1012 1173 1145 1218 potius
1173 1183 1222 1209 ex
1248 1173 1370 1209 totius
1396 1173 1439 1208 li-

95 1228 190 1263 belli
227 1227 522 1272 compositione
559 1229 596 1261 et
634 1226 723 1261 fatis
761 1227 1008 1271 repetendae
1046 1226 1134 1262 sint.
1162 1247 1204 1250 ψ*
1239 1226 1350 1262 Haec
1390 1227 1442 1262 de

96 1281 228 1317 officio
268 1280 589 1326 grammatici:
629 1280 679 1314 ad
715 1280 1001 1324 grammaticos
1040 1280 1239 1315 accedunt
1278 1279 1317 1314 in
1357 1279 1440 1324 qui-

96 1335 266 1369 busdam
295 1336 400 1369 certe
421 1333 599 1378 partibus
620 1332 960 1373 iureconsulti,
988 1334 1030 1367 ut
1050 1332 1234 1368 Bekker
1253 1332 1309 1376 (Z.
1331 1332 1373 1368 R.
1395 1331 1441 1367 G.

95 1398 129 1423 a.
163 1387 256 1422 1864
293 1397 328 1431 p.
348 1386 569 1430 416*445)‚
610 1386 869 1422 Mommsen
909 1386 948 1421 in
987 1389 1101 1421 sexta
1140 1386 1318 1421 editione
1353 1385 1441 1421 libri

97 1440 353 1475 Brunsiani
388 1440 453 1485 qui
489 1439 652 1475 ‘Fontes
685 1439 779 1474 iuris
813 1439 981 1474 Romani
1015 1438 1182 1484 antiqui'
1218 1439 1443 1474 inscribitur

96 1505 131 1539 p.
151 1494 302 1538 49sqq.,
330 1493 482 1538 Kniep
530 1492 619 1528 ‘Gai
647 1492 810 1527 Institut.
840 1494 1053 1527 comment.
1079 1491 1231 1527 tertius'
1262 1492 1311 1535 (a.
1333 1491 1440 1536 1916)

96 1557 131 1591 p.
152 1547 326 1591 279sqq.‚
354 1546 554 1581 accedunt
580 1545 817 1590 saepissime
845 1544 1107 1590 antiquarii
1136 1547 1174 1580 et
1200 1544 1441 1585 historici,

97 1602 138 1635 ut
176 1599 434 1634 Bluemner
471 1599 511 1633 in
536 1598 830 1643 Technologia,
870 1597 1152 1634 Gummerus
1191 1597 1305 1639 (‘Der
1343 1600 1440 1633 rom.

98 1651 368 1688 Gutsbetrieb'
392 1652 480 1687 Klio
502 1651 659 1687 Beiheft
679 1651 713 1687 V
730 1652 848 1694 1906),
870 1650 988 1687 Olck
1002 1650 1117 1694 (Nov.
1140 1652 1270 1686 annal.
1286 1654 1310 1686 t.
1327 1650 1441 1687 CXLI

97 1716 130 1740 a.
152 1705 245 1741 1890
270 1715 307 1750 p.
327 1705 503 1750 577sqq.‚
525 1706 576 1740 de
596 1707 822 1750 temporum
844 1704 1025 1746 ratione),
1046 1704 1123 1744 alii,
1152 1713 1253 1749 quos
1275 1704 1442 1739 adibunt

98 1758 164 1802 qui
191 1758 252 1793 his
280 1757 583 1802 quaestionibus
609 1758 820 1793 vacabunt.

157 1811 198 1846 In
225 1814 416 1856 apparatu
446 1811 734 1846 conformando
762 1820 851 1846 cum
879 1810 1035 1846 Keilio
1057 1810 1097 1845 id
1119 1810 1195 1855 egi,
1223 1812 1264 1844 ut
1287 1809 1398 1854 ‘quid
1418 1820 1440 1845 a

98 1863 340 1899 politiano
369 1873 390 1898 e
418 1863 559 1899 codice
594 1864 837 1908 adscriptum
874 1863 1051 1908 quidque
1085 1872 1134 1898 ex
1169 1863 1254 1898 eius
1281 1863 1441 1898 silentio

98 1917 422 1952 concludendum
451 1919 567 1958 esset,
594 1917 744 1961 ubique
771 1915 1011 1952 indicaretur
1038 1918 1076 1951 et
1102 1916 1151 1951 ab
1173 1916 1235 1951 his
1256 1916 1323 1951 ubi
1345 1925 1440 1960 apo-

98 1969 250 2014 grapha
276 1970 340 2004 vel
361 1969 569 2004 Victorii
597 1969 721 2005 editio
743 1969 971 2004 dissentiret
991 1969 1258 2004 adnotaretur.
1298 1968 1440 2013 Neque

98 2030 232 2057 tamen
272 2022 415 2057 eadem
455 2022 608 2058 ratione
647 2022 685 2057 in
725 2021 912 2057 omnibus
951 2024 1179 2057 constanter
1212 2031 1309 2057 usus
1340 2031 1441 2056 sum„

99 2074 200 2110 Nam
228 2075 268 2109 in
294 2075 480 2119 graviore
507 2075 723 2119 scripturae
750 2075 1018 2119 discrepantia
1053 2075 1178 2120 ipsius
1204 2074 1440 2110 Politiani

98 2127 313 2163 lectionem
340 2128 458 2172 posui
486 2131 524 2163 et
551 2128 875 2173 apographorum
895 2128 961 2162 vel
982 2127 1189 2163 Victorii
1211 2127 1441 2162 testimonia

99 2180 212 2215 uncis
238 2180 392 2215 inclusa
419 2180 575 2221 addidi;
609 2181 697 2216 aliis
724 2180 823 2216 locis
850 2179 1124 2225 discrepantes
1150 2180 1345 2216 lectiones
1370 2190 1438 2225 po-

98 2233 157 2268 sui
186 2242 328 2268 omnes
356 2238 394 2268 et
422 2233 510 2277 quis
531 2234 675 2268 rectius
697 2233 902 2277 archetypi
925 2233 1157 2277 scripturam
1180 2232 1443 2277 expressisset
