1575 2470
630 57 919 94 PRAEFATIO
1404 59 1454 93 IX

101 170 169 203 aut
190 176 239 202 ex
260 167 348 211 ipso
370 165 567 201 Catonis
593 165 694 200 libro
721 167 881 209 sumpta
908 166 999 200 sunt
1021 167 1088 199 aut
1111 174 1159 199 ex
1182 164 1270 200 aliis
1291 165 1455 210 scripto-

101 219 219 261 ribus,
247 221 289 254 ut
315 218 531 254 Varrone
559 221 597 254 et
624 217 786 260 Celso,
808 218 874 263 qui
896 218 1007 252 illum
1029 217 1302 262 inspexerunt.
1341 217 1455 258 Quae

103 283 152 308 ex
191 273 279 317 ipso
317 271 501 308 Catone
538 272 755 312 fluxerunt,
796 272 835 307 in
874 272 1060 316 quattuor
1093 281 1245 316 genera
1279 271 1457 307 distinxit

103 326 331 361 Muenzer
357 324 508 370 (p.81):
545 325 697 370 primo
735 335 805 361 eos
841 325 954 360 locos
992 324 1271 369 complectitur
1307 324 1373 369 qui
1408 335 1457 359 ex

102 378 288 414 festinata
323 378 497 414 lectione
533 378 572 413 in
610 378 805 414 memoria
840 380 1134 418 remanserant;
1170 378 1327 413 altero
1356 388 1456 423 quos

103 433 204 467 inter
229 432 451 477 legendum
473 432 686 467 adnotatos
708 431 925 467 occasione
945 431 1080 466 oblata
1101 431 1247 476 profert
1273 431 1457 476 scriptor:

104 485 252 521 tertio
281 494 382 530 quos
410 484 612 530 dispersos
639 485 678 520 in
707 484 904 520 Catonis
925 484 1025 519 libro
1046 484 1200 519 ratione
1222 485 1397 529 quadam
1420 487 1458 520 et

109 538 278 575 consilio
307 539 346 573 in
373 548 497 573 unum
526 538 746 579 coniunxit;
775 540 945 583 quarto
973 537 1150 582 denique
1184 548 1285 582 quos
1313 547 1362 573 ex
1391 548 1458 573 eo-

105 593 198 628 dem
219 592 308 628 loco
331 592 602 637 depromptos,
623 593 695 627 sed
718 591 909 627 disiectos
930 601 1063 627 novae
1084 591 1339 637 dispositioni
1360 601 1461 626 suae

109 645 291 681 subiecIt.
343 644 445 680 Libri
474 643 594 679 XVIII
630 645 743 681 locos
776 644 1074 680 Catonianos
1108 655 1157 680 ex
1187 644 1327 681 Celso
1357 645 1456 680 deri—

109 699 266 734 vandos
294 707 384 734 esse
411 707 502 733 cum
524 697 916 734 Reitzensteinio
944 699 1064 733 sumit
1091 698 1199 734 idem
1222 699 1458 738 Muenzer,

105 751 296 788 Celsum
324 753 459 787 autem
487 761 568 786 non
589 754 670 787 tam
693 761 742 787 ex
764 752 842 787 hoc
869 753 977 797 quod
1005 762 1079 787 nos
1099 755 1318 787 tractamus
1339 761 1458 797 opus-

104 804 195 841 culo
231 815 352 850 quam
381 814 431 840 ex
463 804 591 840 libro
619 805 676 840 ad
702 805 859 840 filium
887 806 938 841 de
965 805 1209 850 agricultura
1232 805 1458 850 composito

105 858 308 894 simillimo
344 858 524 904 pendere
557 858 740 894 coniecit.
793 858 855 894 De
883 859 1026 894 eadem
1061 868 1102 894 re
1130 858 1251 894 etiam
1278 858 1460 894 Paulus

106 912 315 948 Reuther
340 911 417 956 (De
449 910 611 947 Catonis
647 912 698 947 de
733 912 817 957 agri
846 912 997 947 cultura
1024 911 1112 947 libri
1141 911 1325 957 vestigiis
1352 913 1459 957 apud

107 965 294 1002 Graecos.
334 964 494 1010 Lipsiae
516 975 549 1000 a.
572 965 674 1006 1903,
695 976 733 1010 p.
754 964 816 1009 31)
838 965 947 1006 dixit,
976 975 1222 1010 quamquam
1244 974 1334 999 eam
1355 975 1460 1010 quae

109 1021 168 1055 est
196 1019 247 1054 de
275 1017 417 1054 Celso
455 1020 493 1053 et
529 1018 581 1053 de
616 1020 698 1054 tota
732 1028 773 1054 re
808 1018 1091 1064 quaestionem
1119 1020 1213 1053 ante
1240 1018 1457 1063 perfectam

107 1072 356 1108 Columellae
383 1072 602 1107 editionem
635 1073 686 1107 ad
713 1074 864 1108 certum
891 1071 1019 1107 finem
1047 1071 1213 1117 perduci
1242 1081 1363 1116 posse
1390 1081 1456 1107 ne-

107 1124 510 1171 gavitFridericus
532 1125 660 1160 Marx
681 1125 720 1160 in
736 1125 856 1171 praei.
873 1124 1006 1161 Celsi
1024 1135 1058 1170 p.
1080 1124 1162 1160 XV.
1203 1124 1457 1170 Quicumque

109 1178 228 1225 igitur
254 1178 294 1213 in
321 1178 455 1214 verbiS
483 1177 684 1214 Catonis
713 1179 979 1214 emendandis
1006 1179 1282 1220 versabuntur,
1309 1178 1455 1214 Plinii

108 1230 234 1277 copiis
262 1230 486 1276 diligenter,
513 1232 585 1266 sed
613 1234 729 1267 caute
755 1234 927 1268 utentur.
979 1231 1068 1272 Qua
1094 1232 1134 1267 in
1162 1242 1203 1267 re
1231 1241 1322 1267 cum
1350 1231 1459 1267 Keil

110 1286 149 1320 ln
164 1284 396 1320 universum
412 1285 863 1330 circumspectissimum
878 1295 969 1321 sese
984 1285 1222 1330 praebuerit,
1238 1295 1312 1320 nos
1324 1287 1459 1320 tamen

114 1348 164 1373 ex
191 1336 432 1373 lectionibus
460 1347 558 1382 quas
585 1347 608 1372 a
634 1337 793 1374 Plinio
821 1338 990 1384 sumpsit
1017 1338 1104 1373 sive
1131 1338 1218 1384 ipse
1245 1338 1332 1374 sive
1354 1339 1458 1384 quis-

115 1391 203 1437 quis
231 1400 323 1426 eum
351 1400 612 1436 praegressus
641 1394 700 1427 est
719 1392 934 1428 nonnullas
961 1392 1011 1427 ab
1038 1391 1113 1427 hac
1136 1391 1314 1427 editione
1343 1401 1458 1427 exsu-

108 1446 190 1480 lare
216 1443 416 1485 iussimus,
443 1444 554 1479 velut
580 1455 616 1489 p.
637 1445 693 1487 15,
715 1445 760 1481 14
786 1445 1074 1486 Quiriniana
1101 1445 1382 1480 revocavimus
1410 1455 1459 1480 ex

109 1497 252 1534 codice
278 1497 523 1533 Marciano
560 1508 630 1542 pro
667 1508 716 1534 eo
750 1499 860 1544 quod
893 1498 1082 1534 Plinius
1119 1498 1284 1534 exhibet
1322 1498 1460 1541 φαίη·-

109 1561 216 1587 ana:
242 1560 487 1596 quamquam
514 1561 595 1587 non
623 1552 718 1588 satis
746 1555 853 1588 certa
879 1562 942 1588 res
970 1554 1041 1587 est.
1080 1551 1232 1587 Eadem
1256 1552 1363 1587 enim
1383 1552 1459 1587 for-

110 1615 175 1640 ma
207 1604 308 1640 redit
347 1605 455 1650 apud
494 1605 984 1647 Macrobium11119,2
1025 1615 1075 1640 ex
1112 1604 1306 1641 Cloatio
1334 1605 1459 1641 Vero

110 1657 348 1702 (Funaioli
376 1656 550 1693 Gramm.
578 1658 690 1694 Rom.
712 1659 753 1694 fr.
775 1670 812 1704 p.
833 1658 935 1704 470);
964 1659 1029 1704 qui
1064 1659 1095 1694 si
1130 1661 1223 1694 ante
1250 1658 1457 1694 Plinium

111 1711 183 1746 tuit
209 1711 271 1754 (cf.
293 1711 510 1756 Encyclop.
537 1712 630 1747 real.
652 1712 702 1747 IV
728 1723 766 1757 p.
791 1712 895 1757 617),
924 1714 1094 1757 augetur
1120 1722 1219 1747 sane
1246 1711 1460 1747 auctoritas

114 1764 330 1810 scripturae
356 1764 631 1807 Plinianae;
658 1769 750 1811 post
777 1766 985 1801 Plinium
1013 1765 1046 1801 si
1072 1764 1204 1800 floruit
1230 1764 1392 1807 (Lersch
1414 1765 1458 1799 ΙΙ]

113 1829 149 1863 p.
171 1817 265 1863 167),
293 1828 343 1853 ex
369 1817 528 1853 Plinio
557 1828 648 1853 eum
675 1820 855 1864 pendere
882 1818 1020 1854 nescio
1048 1829 1098 1853 an
1127 1818 1316 1854 conicias.
1362 1817 1460 1853 Item

113 1871 254 1907 retinui
282 1882 318 1917 p.
337 1872 395 1913 46,
415 1871 461 1907 13
487 1872 661 1907 brachia
689 1882 779 1908 curn
807 1872 1019 1907 Haulero
1046 1872 1069 1907 l.
1085 1882 1115 1907 s.
1137 1882 1166 1906 s.
1194 1882 1231 1917 p.
1250 1871 1297 1906 22
1318 1881 1388 1916 pro
1411 1880 1460 1906 eo

113 1925 222 1969 quod
249 1927 309 1960 est
335 1925 442 1970 apud
468 1924 680 1960 Plinium
707 1926 912 1961 bracchiis
941 1927 979 1961 et
1005 1935 1041 1970 p.
1062 1926 1118 1968 71,
1139 1926 1162 1960 5
1195 1935 1286 1960 cum
1314 1925 1460 1960 eodem

113 1978 321 2014 Haulero
348 1988 386 2023 p.
406 1978 453 2013 29
479 1979 660 2014 vellatur
684 1988 755 2023 pro
783 1979 999 2015 evellatur.
1039 1978 1101 2013 De
1127 1977 1215 2013 aliis
1242 1977 1342 2013 locis
1370 1987 1461 2013 con-

113 2032 283 2067 sulenda
310 2033 424 2067 erunt
449 2041 554 2076 quae
579 2031 620 2066 in
647 2032 911 2068 adnotatione
937 2031 1112 2067 breviter
1138 2031 1288 2067 monui.
1309 2051 1353 2054 —*
1376 2029 1461 2067 Co-

113 2085 359 2120 lumellam
387 2084 453 2129 qui
482 2083 663 2121 Catone
689 2087 792 2121 teste
818 2086 927 2120 haud
963 2094 1050 2120 raro
1084 2084 1214 2126 utitur,
1241 2085 1314 2120 sed
1340 2084 1395 2120 ita
1421 2088 1462 2119 ut

113 2147 247 2183 neque
272 2139 384 2174 locos
412 2147 462 2173 ex
489 2137 633 2183 quibus
660 2140 811 2183 pendet
837 2138 1070 2184 diligentius
1097 2137 1248 2173 indicet
1275 2139 1313 2173 et
1339 2137 1461 2173 verba

114 2191 202 2236 ipsa
217 2191 429 2237 aliquoties
444 2191 646 2227 rhetorum
668 2202 779 2228 more
800 2194 967 2228 exornet
987 2191 1049 2235 (cf.
1070 2190 1110 2226 P.
1126 2190 1294 2226 Weise
1315 2201 1351 2236 p.
1366 2190 1462 2234 153),

115 2254 196 2280 non
233 2244 362 2290 ipsum
400 2245 451 2281 de
487 2245 726 2290 agricultura
762 2245 904 2280 librum
933 2245 1092 2285 adiisse,
1120 2245 1192 2280 sed
1220 2243 1362 2280 Celso
1390 2254 1460 2278 sua
