1618 2470
153 95 207 133 30
745 85 907 122 Catonis

197 195 271 230 Per
302 195 479 231 hiemem
512 193 789 230 lucubratione
821 193 923 228 haec
954 193 1090 228 facito:
1124 192 1267 228 ridicas
1301 195 1339 227 et
1370 192 1498 237 palos,

151 258 252 294 quos
278 248 406 294 pridie
432 248 472 284 in
498 250 605 284 tecto
633 246 825 293 posueris,
853 246 982 282 siccos
1015 246 1163 288 dolato,
1188 246 1340 282 faculas
1365 246 1498 285 facito,

150 305 301 338 stercus
340 302 505 347 egerito.
557 301 632 336 nisi
671 299 908 335 intermestri
950 300 1127 345 lunaque
1168 299 1376 335 dimidiata
1413 302 1498 334 tum

100 356 123 390 4
149 365 200 390 ne
221 358 364 400 tangas
386 355 605 390 materiem.
645 364 764 399 quarn
788 353 954 389 effodies
975 356 1043 388 aut
1063 353 1272 398 praecides
1293 354 1364 388 abs
1384 356 1500 394 terra,

113 416 130 443 5
150 408 293 443 diebus
319 415 377 442 V11
405 407 608 452 proximis,
635 407 780 453 quibus
813 407 907 442 luna
933 407 1054 452 plena
1084 407 1211 447 fuerit,
1237 407 1389 452 optime
1416 407 1499 442 exi-

150 464 287 497 metur.
328 461 494 496 omnino
522 463 665 497 caveto
687 470 861 506 nequam
883 460 1090 496 materiem
1112 460 1226 496 doles
1249 469 1328 495 neu
1350 460 1499 496 caedas

148 524 226 550 neu
259 518 420 560 tangas,
448 514 480 549 si
508 517 640 559 potes,
667 514 743 550 nisi
776 514 924 550 siccam
957 523 1037 549 neu
1070 513 1247 559 gelidam
1275 522 1353 548 neu
1389 522 1496 549 roru-

100 569 122 602 5
148 568 310 603 lentam.
360 568 558 603 frumenta
595 568 683 603 face
719 568 780 603 bis
815 567 939 603 sarias
977 576 1203 612 runcesque
1242 576 1501 612 avenamque

149 621 386 666 destringas.
426 622 477 656 de
503 621 623 656 vinea
651 624 689 657 et
716 621 925 657 arboribus
951 620 1098 666 putatis
1119 624 1319 655 sarmenta
1347 620 1499 665 degere

97 682 129 709 10
150 677 188 710 et
213 674 407 710 fascinam
439 675 527 710 face
560 678 599 710 et
630 674 722 709 vitis
756 677 795 709 et
826 674 936 719 ligna
968 674 1007 709 in
1044 674 1245 709 caminum
1278 673 1426 709 ficulna
1459 678 1497 708 et

147 727 356 763 codicillos
384 727 549 763 domino
576 728 617 763 in
644 737 832 763 acervum
860 736 1058 772 conpone.

74 780 284 826 XXXVIII]
337 780 559 817 Fornacem
593 781 803 817 calcariam
836 781 962 826 pedes
998 781 1117 815 latam
1152 788 1179 814 Χ
1205 780 1341 821 facito,
1374 781 1495 816 altam

147 835 273 879 pedes
305 842 381 876 xx,
410 844 538 880 usque
571 835 622 870 ad
654 835 781 879 pedes
813 837 891 869 tres
924 843 1122 869 summam
1155 834 1275 869 latam
1310 833 1498 879 redigito.

147 887 178 922 si
206 897 287 923 uno
320 888 547 932 praefurnio
582 897 750 933 coques,
782 888 969 923 lacunam
1005 887 1110 923 intus
1143 897 1332 933 magnam
1364 887 1496 928 facito,

94 949 126 976 15
147 940 203 975 uti
229 939 325 975 satis
351 940 427 976 siet
453 940 520 976 ubi
548 941 723 976 cinerem
745 941 955 986 concipiat,
983 951 1034 977 ne
1055 941 1158 976 foras
1179 941 1228 976 sit
1248 942 1498 978 educendus.

144 994 431 1039 fornacemque
457 994 562 1029 bene
590 994 745 1030 struito:
772 994 891 1029 facito
914 995 1042 1030 fortax
1063 998 1187 1030 totam
1207 995 1410 1030 fornacem
1438 994 1496 1029 in-

99 1048 120 1082 2
145 1046 282 1081 fimam
305 1047 590 1091 conplectatur.
618 1047 650 1082 si
672 1048 830 1083 duobus
853 1048 1146 1093 praefurni<i>s
1168 1057 1330 1093 coques,
1352 1048 1497 1083 lacuna

145 1100 242 1135 nihil
276 1110 378 1145 opus
412 1100 494 1135 erit.
546 1109 636 1136 cum
670 1101 803 1136 cinere
837 1105 949 1137 eruto
982 1111 1084 1147 opus
1118 1102 1206 1143 erit,
1232 1101 1357 1137 altero
1383 1111 1496 1146 prae-

145 1153 273 1189 furnio
296 1153 440 1194 emito,
456 1153 496 1188 in
512 1153 636 1189 altero
652 1154 757 1199 ignis
773 1154 854 1190 erit.
882 1154 1018 1200 ignem
1035 1158 1177 1190 caveto
1194 1164 1245 1190 ne
1261 1154 1499 1191 intermittas

91 1216 126 1242 20
152 1207 248 1252 quin
263 1216 423 1252 semper
437 1207 637 1248 siet,neve
652 1211 772 1243 noctu
789 1217 894 1243 neve
915 1208 996 1243 ullo
1016 1211 1198 1253 tempore
1218 1208 1499 1243 intermittatur

145 1263 300 1296 caveto.
340 1260 517 1305 lapidem
544 1261 696 1296 bonum
724 1261 763 1296 in
784 1261 988 1297 fornacem
1010 1271 1130 1306 quam
1152 1261 1495 1302 candidissimum,

96 1315 117 1349 3
144 1324 265 1358 quam
292 1313 458 1349 minime
485 1314 639 1349 varium
666 1314 804 1351 indito.
852 1325 941 1350 cum
969 1315 1172 1350 fornacem
1198 1315 1332 1356 facies,
1358 1315 1498 1351 fauces

144 1367 382 1412 praecipites
418 1368 607 1403 deorsum
639 1367 770 1403 facito.
822 1369 889 1404 ubi
922 1368 1018 1404 satis
1043 1368 1208 1410 foderis,
1234 1371 1317 1403 tum
1343 1368 1493 1404 fornaci

144 1420 277 1455 locum
304 1420 436 1461 facito,
464 1420 519 1455 uti
547 1430 667 1465 quam
695 1420 887 1456 altissima
915 1425 953 1456 et
986 1431 1106 1466 quam
1134 1421 1299 1457 minime
1324 1424 1496 1457 ventosa

89 1482 124 1509 25
144 1473 230 1508 siet.
270 1473 302 1508 si
329 1483 469 1518 parum
498 1474 618 1509 altam
646 1474 849 1509 fornacem
877 1474 1046 1510 habebis
1073 1475 1140 1510 ubi
1160 1475 1294 1515 facias,
1321 1473 1494 1519 latere[s]

143 1536 342 1561 summam
370 1527 532 1562 statuito
560 1530 628 1562 aut
654 1527 874 1563 caementis
902 1537 991 1562 cum
1019 1528 1102 1564 luto
1123 1538 1321 1563 summam
1349 1528 1494 1563 extrin-

94 1582 116 1615 4
142 1589 260 1615 secus
287 1580 468 1616 oblinito.
509 1589 600 1615 cum
628 1580 765 1625 ignem
787 1581 1024 1622 subdideris,
1046 1582 1161 1627 siqua
1180 1582 1343 1616 flamma
1370 1581 1496 1618 exibit

143 1632 216 1668 nisi
250 1642 321 1677 per
354 1633 491 1668 orbem
527 1643 745 1675 summum,
773 1634 855 1669 luto
889 1634 1068 1670 oblinito.
1119 1638 1264 1670 ventus
1297 1635 1349 1670 ad
1381 1644 1496 1680 prae*

142 1685 316 1721 furnium
345 1688 488 1722 caveto
515 1696 567 1722 ne
593 1688 778 1722 accedat:
806 1686 903 1722 inibi
931 1690 1107 1723 austrum
1135 1690 1277 1723 caveto
1306 1687 1493 1723 maxime.

87 1748 123 1775 30
143 1739 220 1775 hoc
240 1739 345 1784 signi
368 1739 449 1780 erit,
479 1740 545 1775 ubi
568 1740 656 1775 calx
677 1743 791 1776 cocta
819 1740 900 1781 erit,
922 1750 1101 1776 summos
1121 1741 1277 1786 lapides
1299 1739 1496 1786 co[a]ctos

143 1802 233 1828 esse
253 1793 470 1837 oportebit:
498 1793 594 1828 item
622 1793 746 1828 infimi
774 1793 930 1838 lapides
957 1794 1059 1830 cocti
1088 1795 1244 1836 cadent,
1273 1798 1311 1830 et
1330 1795 1495 1829 flamma

143 1846 273 1881 minus
302 1846 460 1881 fumosa
488 1846 621 1882 exibit.

191 1991 205 2022 1
236 1991 545 2023 lucurrabartione
566 1992 599 2024 A
620 1993 911 2025 Iucurabartione
932 1993 945 2024 f
964 1993 1215 2025 lucubratione
1236 1993 1327 2025 Vbc
1346 1990 1357 2031 ΙΙ
1376 1992 1396 2024 2
1425 2001 1495 2031 po-

141 2039 256 2070 sueris
271 2047 403 2078 apoyr.
420 2047 595 2077 posueras
610 2039 642 2071 V
661 2037 672 2079 ΙΙ
692 2040 712 2072 3
735 2040 789 2079 Cf.
804 2041 898 2072 Ρίἰη.
914 2044 1032 2079 16,194
1055 2039 1059 2078 Ι
1083 2045 1155 2072 tum
1178 2050 1248 2073 om.
1263 2041 1342 2072 Keil
1361 2037 1372 2078 Η
1392 2039 1414 2071 4
1435 2039 1495 2079 Cf..

140 2095 169 2117 c.
183 2089 221 2117 31
243 2084 253 2122 li
273 2085 294 2116 6
315 2087 500 2118 materiem
517 2087 570 2118 bc
584 2096 664 2119 cum
680 2088 775 2119 Ptin.
791 2089 895 2119 l.s.s.
917 2089 1102 2119 materiam
1114 2088 1180 2120 VA
1201 2087 1212 2128 ΙΙ
1232 2088 1251 2119 7
1272 2087 1490 2119 rorulentam

141 2142 163 2163 v
190 2141 233 2164 ex
252 2133 347 2164 Plin.
368 2134 392 2165 l.
413 2142 442 2165 s.
463 2143 492 2165 s.
520 2133 734 2166 forulentam
756 2131 767 2173 Η
787 2134 807 2166 9
835 2134 874 2166 R.
894 2134 1001 2166 XLIII
1021 2135 1077 2167 De
1103 2136 1214 2167 uinea
1239 2139 1275 2167 et
1301 2135 1488 2166 arboribus

143 2180 286 2218 putatis.
312 2179 368 2211 De
387 2177 398 2219 ΙΙ
433 2180 475 2211 10
502 2181 583 2213 face
611 2190 662 2212 cv
689 2181 808 2214 facere
839 2180 850 2221 ΙΙ
885 2182 926 2213 12
953 2181 992 2214 R.
1013 2181 1136 2214 XLIIII
1161 2182 1218 2214 De
1244 2183 1391 2214 fornace
1418 2181 1490 2213 cal-

139 2227 238 2258 caria
276 2225 287 2264 Η
329 2226 370 2258 17
398 2228 486 2259 add.
515 2228 579 2259 Av
611 2226 622 2266 ΙΙ
667 2229 707 2260 21
739 2228 794 2268 Cf.
823 2229 918 2261 ΡΙίη.
944 2233 1071 2267 36,174
1115 2227 1126 2267 ΙΙ
1169 2229 1214 2261 25
1241 2230 1311 2261 del.
1343 2228 1453 2260 Turn.

140 2274 184 2305 26
212 2282 390 2306 summam
424 2276 649 2307 extrinsecus
682 2285 813 2315 apogr.
854 2286 1068 2316 summamq.
1110 2277 1335 2308 extrinsecus
1375 2276 1452 2308 ΡοΙ.

139 2322 184 2353 30
213 2322 283 2353 del.
310 2330 332 2351 v
361 2331 441 2353 cum
469 2323 661 2354 nonnullis
689 2332 824 2362 apoyr.
