1575 2470
93 101 144 141 14
681 94 842 130 Catonis

90 203 254 238 habeas.
294 205 445 238 stercus
472 202 615 238 sedulo
641 211 852 237 conserva:
881 211 970 236 cum
1000 201 1239 247 exportabis‚
1267 207 1441 247 purgato

94 259 130 292 et
158 256 424 297 conminuito;
457 265 527 301 per
560 258 797 290 autumnum
832 255 1005 290 evehito.
1057 255 1203 290 circum
1231 255 1343 291 oleas
1369 266 1439 290 au-

92 310 301 345 tumnitate
323 309 565 354 ablaqueato
581 312 619 344 et
634 311 785 344 stercus
806 308 955 344 addito.
982 309 1164 344 frondem
1179 309 1438 354 popuIneam,

94 363 280 403 ulmeam,
308 371 526 407 querneam
554 362 712 398 caedito
748 371 819 407 per
844 364 1021 406 tempus:
1049 371 1139 397 eam
1166 362 1329 398 condito
1355 371 1437 398 non

57 424 73 449 5
93 416 329 462 peraridam,
363 416 556 460 pabulum
589 415 746 451 ovibus.
797 415 892 450 item
928 415 1089 450 faenum
1117 416 1293 457 cordum,
1320 415 1442 451 sicili-

95 472 229 505 menta
256 469 307 504 de
334 471 458 513 prato,
486 478 534 504 ea
554 469 664 504 arida
686 468 861 505 condito.
900 470 990 513 post
1011 468 1177 504 imbrem
1200 471 1437 504 autumnum

94 523 285 567 rapinam,
313 522 505 567 pabulum
531 522 797 567 lupinumque
824 521 955 557 serito.

24 573 88 619 Vl]
165 575 317 621 Agrum
345 575 490 620 quibus
517 575 616 611 locis
644 584 844 616 conseras,
866 575 922 610 sic
944 575 1148 610 observari
1176 578 1343 620 oportet.
1371 575 1438 610 ubi

95 639 191 674 ager
217 638 373 664 crassus
402 631 439 664 et
465 629 594 664 laetus
622 632 681 664 est
713 629 800 664 sine
826 628 1051 670 arboribus,
1079 638 1171 664 eum
1199 638 1339 674 agrum
1365 628 1441 663 fru-

43 689 75 716 10
96 683 333 719 mentarium
362 692 452 718 esse
479 685 647 728 oportet.
686 683 794 718 idem
819 692 915 728 ager
935 682 967 718 si
988 682 1209 718 nebulosus
1236 684 1306 723 est,
1333 691 1440 727 rapa,

97 737 308 782 raphanos,
344 736 510 777 milium,
547 736 747 781 panicum,
785 735 825 770 id
862 735 1037 771 maxime
1073 735 1149 771 seri
1183 738 1350 780 oportet.
1401 735 1441 770 in

97 801 194 836 agro
223 800 355 826 crasso
384 792 422 825 et
455 790 571 825 caldo
606 790 738 825 oleam
767 789 1025 830 conditivam,
1053 789 1208 823 radium
1235 789 1441 828 maiorem,

98 844 370 885 Sallentinam,
392 844 569 884 orestem,
590 853 770 888 poseam,
792 842 1039 887 Sergianam,
1062 841 1366 884 Colminianam,
1388 842 1442 877 al-

97 899 284 939 bicerem‚
312 907 432 943 quam
455 907 591 932 earum
613 897 652 932 in
673 897 720 932 iis
740 896 840 932 locis
860 896 1053 941 optimam
1075 896 1210 932 dicent
1230 905 1331 937 esse,
1354 905 1443 931 eam

46 957 78 983 15
99 951 273 987 maxime
299 950 432 986 serito.
470 950 547 986 hoc
575 960 704 996 genus
731 950 848 986 oleae
869 949 908 984 in
929 957 1020 984 xxv
1041 953 1107 984 aut
1134 950 1173 985 in
1200 957 1290 984 xxx
1317 951 1446 995 pedes

50 1002 72 1036 2
99 1004 311 1040 conserito.
350 1013 447 1049 ager
467 1004 575 1040 oleto
597 1003 863 1044 conserundo,
886 1003 953 1048 qui
980 1003 1019 1038 in
1046 1006 1211 1038 ventum
1237 1003 1444 1039 favonium

99 1057 295 1103 spectabit
322 1059 360 1092 et
386 1057 460 1092 soli
488 1060 668 1092 ostentus
702 1056 783 1097 erit,
811 1056 913 1092 alius
938 1057 1070 1092 bonus
1096 1057 1229 1092 nullus
1256 1057 1338 1092 erit.
1377 1057 1448 1102 qui>

101 1121 196 1156 ager
229 1110 408 1156 frigidior
435 1114 473 1146 et
508 1111 677 1146 macrior
703 1110 790 1151 erit,
827 1110 880 1145 ibi
917 1110 1049 1145 oleam
1086 1110 1332 1146 Licinianam
1369 1111 1447 1146 seri

101 1166 267 1209 oportet.
319 1163 351 1198 si
385 1163 424 1198 in
451 1163 542 1199 loco
576 1172 710 1199 crasso
744 1166 811 1198 aut
844 1163 976 1199 calido
1009 1164 1171 1205 severis,
1205 1163 1345 1199 hostus
1378 1174 1446 1200 ne-

47 1221 81 1247 20
100 1227 220 1262 quam
249 1217 320 1252 erit
347 1219 385 1251 et
420 1216 588 1251 ferundo
625 1217 741 1252 arbor
776 1216 919 1261 peribit
956 1219 994 1251 et
1030 1226 1192 1252 muscus
1219 1217 1336 1252 ruber
1362 1227 1449 1253 mo-

53 1266 73 1300 3
100 1271 223 1305 lestus
251 1270 333 1305 erit.
374 1270 521 1305 circum
549 1279 719 1305 coronas
747 1274 785 1305 et
812 1270 959 1305 circum
987 1269 1074 1305 vias
1101 1269 1233 1305 ulmos
1259 1270 1379 1306 serito
1407 1273 1445 1306 et

102 1324 242 1368 partim
279 1323 463 1369 populos,
490 1323 545 1358 uti
580 1323 762 1358 frondem
796 1322 942 1359 ovibus
979 1326 1017 1358 et
1051 1323 1182 1358 bubus
1217 1323 1380 1365 habeas,
1409 1327 1448 1359 et

103 1377 300 1417 materies,
327 1377 443 1421 siquo
471 1386 573 1422 opus
601 1376 660 1417 sit,
687 1379 824 1421 parata
852 1376 934 1411 erit.
979 1375 1107 1411 sicubi
1134 1375 1172 1411 in
1200 1376 1247 1412 iis
1275 1377 1373 1413 locis
1399 1377 1447 1412 ri-

103 1440 178 1475 pae
205 1432 273 1465 aut
298 1430 411 1465 locus
438 1432 622 1465 umectus
644 1430 725 1471 erit,
753 1429 805 1464 ibi
828 1430 1039 1465 cacumina
1060 1429 1299 1474 populorum
1327 1430 1446 1465 serito

49 1487 83 1513 25
104 1486 142 1518 et
167 1483 489 1518 harundinetum.
541 1483 581 1517 id
608 1483 685 1518 hoc
713 1483 835 1518 modo
863 1483 1000 1518 serito:
1033 1482 1183 1528 bipalio
1210 1482 1366 1524 vortito,
1393 1483 1449 1518 ibi·

104 1536 244 1572 oculos
278 1535 513 1571 harundinis
548 1536 674 1581 pedes
709 1538 844 1571 ternos
880 1536 1002 1571 alium
1029 1536 1079 1571 ab
1106 1535 1185 1571 alio
1212 1535 1344 1572 serito.
1394 1536 1447 1571 ibi

56 1586 77 1619 4
105 1589 314 1625 corrudam
341 1589 473 1630 serito,
502 1589 609 1624 unde
630 1588 874 1634 aspar<a>gi
901 1589 1009 1625 fiant.
1049 1600 1141 1625 nam
1164 1590 1354 1625 convenit
1379 1589 1447 1625 ha-

105 1642 360 1677 rundinetum
389 1651 479 1677 cum
514 1643 692 1683 corruda,
721 1652 770 1678 eo
805 1643 897 1687 quia
923 1643 1069 1678 foditur
1096 1646 1134 1678 et
1160 1643 1385 1678 incenditur
1411 1646 1453 1677 et

106 1696 286 1730 umbram
308 1705 378 1740 per
397 1699 555 1741 tempus
577 1696 708 1731 habet.
736 1696 900 1731 salicem
918 1696 1112 1732 Graecam
1136 1697 1282 1732 circum
1304 1696 1448 1731 harun-

51 1752 86 1778 30
106 1749 286 1784 dinetum
313 1749 445 1790 serito,
474 1749 528 1784 uti
556 1749 631 1784 siet
658 1749 724 1793 qui
751 1749 911 1785 vineam
940 1750 1093 1795 alliges.

153 1802 323 1837 Vineam
357 1811 436 1847 quo
470 1802 509 1837 in
542 1812 640 1848 agro
667 1804 823 1839 conseri
856 1802 1113 1848 oporte<a>t‚
1141 1804 1197 1839 sic
1224 1804 1453 1839 observato.

107 1856 173 1900 qui
200 1856 313 1891 locus
333 1856 429 1891 vino
451 1856 626 1901 optimus
647 1857 801 1892 dicetur
821 1866 911 1892 esse
939 1859 976 1891 et
997 1859 1177 1892 ostentus
1199 1857 1284 1897 soli,
1313 1857 1454 1892 Amin»

155 1954 174 1985 2
201 1955 439 1986 comminuito
467 1952 707 1992 (communito
734 1953 780 1994 V)
804 1952 809 1993 Ι
833 1954 886 1994 Cf.
913 1964 940 1987 c.
961 1959 1022 1992 29,·
1053 1955 1147 1987 Plin.
1170 1959 1218 1993 17,
1241 1959 1301 1986 127
1318 1951 1329 1993 ΙΙ
1348 1954 1369 1987 3
1397 1953 1450 1993 Cf.

109 2002 201 2034 ΡΙῐη.
223 2005 271 2040 16,
291 2005 332 2033 92
357 1999 368 2040 ΙΙ
393 2001 413 2033 8
440 2001 479 2034 R.
501 2001 578 2033 VIII
605 2001 740 2042 Agrum
774 2003 905 2040 quibus
938 2002 1028 2033 locis
1054 2010 1226 2034 conseras
1249 2000 1253 2040 Ι
1277 2001 1330 2042 Cf.
1349 2001 1449 2033 Varr.

110 2052 137 2086 1,
158 2052 312 2088 2331]οἾ-
332 2049 426 2080 Ριῐη.
448 2053 497 2087 18,
520 2053 578 2081 163
621 2046 631 2088 ΙΙ
677 2049 718 2080 12
748 2048 800 2088 Cf.
820 2050 915 2081 Ριῑη.
938 2053 986 2087 15,
1006 2052 1047 2081 20
1089 2047 1100 2088 ΙΙ
1145 2049 1187 2081 15
1216 2050 1252 2081 in
1276 2051 1366 2088 post
1391 2052 1451 2080 aut

109 2105 179 2127 om.
199 2095 231 2128 V
257 2097 345 2128 add.
366 2105 498 2136 apoyr.
519 2099 556 2128 et
578 2096 663 2128 vict.
705 2096 709 2134 Ι
751 2096 805 2136 Cf.
825 2096 918 2128 ΡΙὶη.
941 2100 989 2135 17,
1009 2100 1049 2127 93
1086 2094 1097 2136 ΙΙ
1136 2096 1178 2128 16
1211 2097 1279 2128 nisi
1315 2097 1376 2135 qui
1410 2105 1453 2127 ex

114 2143 214 2174 Varr.
236 2147 264 2181 1,
284 2146 324 2174 24
349 2143 450 2181 Keil:
476 2144 520 2183 cf.
545 2144 665 2183 praef.
685 2141 695 2183 ΙΙ
727 2143 769 2174 19
795 2145 824 2174 51
852 2144 888 2174 in
915 2143 1017 2175 Amc
1043 2145 1100 2176 sin
1126 2145 1162 2175 in
1189 2143 1273 2175 vbi
1306 2140 1312 2182 Ι
1346 2143 1450 2174 031ἀο

110 2191 192 2228 lucu,
213 2190 292 2221 Keil
311 2187 322 2230 ΙΙ
342 2190 387 2221 20
409 2189 462 2231 Cf.
482 2191 576 2222 ΡΙίη.
598 2195 647 2226 17,
658 2194 720 2222 223
738 2188 749 2230 ΙΙ
769 2191 812 2223 23
840 2191 1007 2223 materies
1025 2191 1139 2223 Varro
1161 2195 1188 2229 1,
1202 2195 1253 2222 24.
1274 2191 1423 2222 materia

112 2236 164 2277 Cf.
179 2237 274 2268 Plin.
291 2240 338 2275 16,
356 2240 434 2276 173,·
455 2241 502 2275 19,
520 2242 578 2269 145
598 2239 608 2273 l}
628 2238 672 2269 25
700 2239 796 2277 prius
818 2240 906 2270 ante
927 2238 1063 2277 bipalio
1085 2239 1188 2278 apud
1203 2237 1379 2270 Catonem
1401 2238 1452 2269 le-

110 2286 210 2323 yisse
236 2285 408 2316 videntur
434 2285 551 2317 Keilio
575 2285 689 2317 Varro
712 2289 740 2323 1,
760 2289 811 2324 24,
831 2289 850 2316 4
877 2287 914 2317 et
938 2285 1031 2317 ΡΙῐη.
1055 2289 1102 2324 16,
1125 2288 1204 2323 173,·
1227 2285 1271 2325 cf.
1295 2285 1416 2324 praef.

111 2331 154 2363 27
183 2333 270 2364 add.
297 2341 320 2362 v
351 2329 362 2371 ΙΙ
393 2332 433 2364 31
464 2333 553 2364 add.
578 2333 659 2364 Keil
684 2333 775 2364 duce
799 2332 960 2364 Varrone
987 2337 1020 2370 1,
1040 2336 1081 2364 25
1114 2330 1119 2371 Ι
1155 2331 1206 2372 Cf.
1229 2332 1322 2364 Ptin.
1345 2336 1392 2370 14,
1413 2335 1454 2362 46
