1618 2470
118 80 173 117 25
712 68 873 104 Catonis

120 176 300 216 oblinito.
352 179 383 214 si
410 178 524 213 voles
552 178 602 212 de
628 177 742 211 faece
773 176 937 210 demere
964 175 1113 215 vinum,
1140 178 1223 210 tum
1253 175 1323 209 erit
1350 175 1385 209 ei
1414 174 1471 209 rei

120 233 317 278 optimum
343 235 514 276 tempus.

48 285 204 331 XXVII]
256 285 476 322 Sementim
502 284 640 323 facito,
667 283 847 323 ocinum,
874 282 1040 321 viciam,
1067 282 1229 317 faenum
1258 281 1469 322 Graecum,

120 339 265 379 fabam,
293 348 443 378 ervum,
470 337 663 382 pabulum
695 336 838 372 bubus.
890 336 1054 371 alteram
1089 337 1126 370 et
1151 335 1306 370 tertiam
1334 334 1470 380 pabuli

84 401 102 428 5
122 392 320 428 sationem
347 390 477 426 facito.
517 389 666 425 deinde
687 389 786 425 alias
811 389 946 434 fruges
967 388 1099 424 serito.
1138 387 1290 423 scrobis
1317 388 1356 423 in
1382 397 1468 423 ver-

121 448 239 481 vacto
266 444 378 485 oleis,
405 444 535 485 ulmis,
562 442 721 484 vitibus,
749 442 852 478 ficis:
887 442 1005 477 simul
1039 451 1129 477 cum
1156 441 1311 476 semine
1338 441 1469 476 serito.

122 499 153 534 si
182 499 253 534 erit
279 498 392 534 locus
419 497 561 537 siccus,
582 498 665 530 tum
687 496 799 532 oleas
820 505 890 541 per
910 494 1123 531 sementim
1148 494 1279 535 serito,
1301 497 1340 530 et
1365 504 1472 539 quae

122 554 215 587 ante
247 553 359 586 satae
393 552 516 591 erunt,
544 552 703 585 teneras
735 552 819 584 tum
853 550 1069 593 supputato
1104 550 1141 582 et
1174 547 1336 583 arbores
1362 547 1470 583 abla-

123 608 281 651 queato.

51 657 223 704 XXVIII]
276 657 409 699 oleas,
438 657 579 697 ulmos,
617 658 728 698 ficos,
768 666 900 701 poma,
942 656 1054 696 vites,
1094 656 1222 700 pinos,
1260 664 1473 699 cupressos

70 721 101 748 11
125 722 215 748 cum
237 721 358 752 seres,
378 712 485 747 bene
506 720 596 746 cum
618 710 818 746 radicibus
840 710 1003 745 eximito
1025 718 1115 744 cum
1137 712 1238 744 terra
1259 718 1331 743 sua
1352 717 1477 753 quam·

124 766 294 811 plurima
328 765 698 810 circumligatoque‚
726 763 780 798 uti
813 763 913 798 ferre
946 763 1093 808 possis:
1127 762 1166 797 in
1193 762 1312 797 alveo
1339 763 1407 796 aut
1432 761 1473 796 in

125 819 289 855 corbula
314 818 403 854 ferri
431 818 579 853 iubeto.
632 819 784 857 caveto,
813 825 936 861 quom
963 818 1106 851 ventus
1133 815 1208 851 siet
1234 818 1301 850 aut
1335 815 1474 855 imber,

76 873 98 908 2
126 872 294 908 effodias
318 874 384 907 aut
404 872 523 906 feras:
551 881 644 906 nam
666 871 705 905 id
726 870 902 905 maxime
924 869 1150 904 cavendum
1173 870 1242 904 est.
1270 868 1309 903 in
1331 868 1473 904 scrobe

72 934 106 961 15
127 935 249 970 quom
276 934 416 970 pones,
438 934 637 960 summam
658 927 801 959 terram
823 923 1001 958 subdito:
1029 925 1171 967 postea
1191 922 1346 967 operito
1371 924 1474 957 terra

126 978 326 1014 radicibus
352 978 433 1019 fini,
461 978 611 1013 deinde
632 977 785 1022 calcato
806 976 978 1022 pedibus
998 977 1115 1017 bene,
1137 976 1285 1011 deinde
1311 975 1474 1011 festucis

126 1032 390 1077 vectibusque
430 1031 582 1067 calcato
620 1040 740 1076 quam
777 1030 928 1075 optime
965 1029 1130 1074 poteris:
1164 1029 1203 1064 id
1241 1029 1311 1064 erit
1347 1029 1382 1064 ei
1418 1029 1473 1063 rei

127 1086 310 1131 primum.
356 1086 518 1120 arbores
541 1084 755 1120 crassiores
777 1083 913 1128 digitis
933 1090 961 1117 V
983 1092 1087 1127 quae
1115 1084 1238 1123 erunt,
1267 1091 1335 1117 eas
1362 1091 1474 1127 prae-

129 1139 231 1174 cisas
258 1138 377 1174 serito
406 1137 658 1182 oblinitoque
683 1136 778 1171 fimo
806 1145 984 1171 summas
1012 1138 1050 1170 et
1075 1135 1179 1170 foliis
1206 1135 1382 1180 aIIIgato.

55 1190 243 1237 XXVIIII]
296 1191 455 1228 Stercus
483 1190 650 1226 dividito
679 1189 746 1225 sic.
797 1191 950 1234 partem
979 1188 1185 1223 dimidiam
1214 1188 1253 1223 in
1281 1190 1475 1233 segetem,

73 1254 106 1280 21
130 1245 197 1281 ubi
224 1245 416 1290 pabulum
444 1254 563 1285 seras,
592 1243 782 1284 invehito‚
809 1244 846 1278 et
873 1242 905 1277 si
932 1242 986 1277 ibi
1007 1242 1098 1277 olea
1119 1241 1202 1282 erit,
1223 1242 1341 1276 simul
1368 1241 1474 1277 abla-

128 1300 275 1343 queato
303 1300 536 1342 stercusque
563 1296 718 1332 addito:
754 1298 895 1341 postea
922 1295 1114 1340 pabulum
1141 1295 1272 1330 serito.
1323 1297 1475 1340 partem

129 1354 309 1397 quartam
346 1350 493 1385 circum
530 1349 642 1385 oleas
681 1349 959 1394 ablaqueatas,
1000 1357 1121 1393 quom
1161 1348 1336 1383 maxime
1375 1357 1476 1393 opus

130 1405 211 1445 erit,
239 1404 376 1439 addito
403 1406 586 1448 terraque
613 1406 765 1438 stercus
792 1402 957 1447 operito.
997 1402 1161 1437 alteram
1184 1404 1363 1446 quartam
1390 1411 1478 1446 par-

75 1462 209 1493 25tem
237 1457 277 1492 in
309 1459 464 1501 pratum
498 1460 700 1491 reservato
734 1456 873 1500 idque,
901 1465 1022 1500 quom
1057 1455 1232 1490 maxime
1265 1464 1366 1499 opus
1395 1455 1478 1495 erit,

131 1510 199 1545 ubi
225 1509 410 1545 favonius
436 1509 558 1550 flabit,
586 1509 748 1545 evehito
775 1509 869 1544 luna
896 1508 1039 1543 silenti.

59 1562 179 1609 XXX]
232 1563 368 1598 Bubus
394 1563 577 1598 frondem
610 1562 797 1602 ulmeam,
824 1561 1082 1607 populneam,
1110 1571 1340 1606 querneam,
1367 1562 1478 1597 ficul-

131 1626 262 1657 neam,
288 1625 416 1660 usque
443 1616 539 1650 dum
565 1616 745 1656 habebis,
773 1616 879 1650 dato.
924 1615 1068 1650 ovibus
1088 1615 1269 1650 frondem
1298 1615 1478 1655 viridem,

130 1679 258 1714 usque
285 1669 380 1704 dum
407 1669 588 1709 habebis,
614 1669 824 1714 praebeto:
858 1669 925 1704 ubi
953 1668 1164 1703 sementim
1190 1668 1364 1703 facturus
1391 1669 1482 1709 eris,

180 1791 201 1824 3
228 1791 266 1823 R.
288 1791 384 1823 XXX
412 1791 610 1823 Sementim
643 1795 682 1823 ut
713 1791 825 1823 facias
848 1790 852 1829 Ι
876 1792 1021 1823 ocinum
1048 1786 1230 1832 (ocymum
1257 1788 1304 1829 V)
1325 1787 1335 1828 l]
1356 1789 1376 1821 5
1403 1798 1480 1822 ver-

132 1842 238 1871 vacto
265 1839 349 1871 Vict.
376 1840 546 1871 ueruacio
566 1836 577 1878 ΙΙ
598 1839 616 1870 7
639 1838 694 1879 Cf.
715 1848 743 1871 c.
765 1842 814 1877 61,
834 1843 854 1869 2
876 1837 880 1877 Ι
905 1847 968 1877 per
993 1847 1064 1870 om.
1084 1838 1174 1876 Pol„
1202 1838 1290 1870 add.
1312 1846 1444 1877 apoyr.
1477 1833 1481 1877 ί

133 1886 154 1917 8
181 1886 401 1925 ablaqueato
427 1886 459 1918 V
485 1886 705 1926 adlaqueato
739 1895 870 1926 apoyr.
908 1884 919 1925 ΙΙ
960 1885 1002 1916 10
1028 1884 1067 1917 R.
1088 1884 1200 1916 XXXI
1228 1884 1338 1916 Oleas
1365 1887 1401 1916 et
1426 1892 1478 1915 re-

133 1934 233 1973 liqua
259 1935 401 1966 semina
427 1943 507 1965 cum
535 1942 634 1966 seres
667 1933 854 1973 quomodo
881 1941 980 1964 seras
1027 1931 1031 1970 Ι
1080 1931 1133 1972 Cf.
1154 1932 1249 1964 plin.
1273 1935 1394 1970 17,83,·
1418 1934 1482 1968 85,-

133 1985 176 2013 87
204 1978 215 2019 11
249 1980 291 2012 14
318 1981 411 2013 feras
438 1981 499 2013 Ac
527 1983 563 2013 et
592 1981 677 2013 Vict.
704 1989 803 2012 seras
829 1979 913 2012 be
949 1976 960 2018 ΙΙ
1000 1980 1042 2011 15
1069 1988 1179 2018 quum
1215 1988 1331 2018 pones
1357 1979 1436 2010 Pol.
1457 1979 1480 2009 b

134 2037 215 2060 cum
243 2037 360 2067 pones
387 2028 448 2060 Ac
480 2025 491 2068 ΙΙ
525 2028 567 2060 18
594 2028 718 2068 digitis
744 2028 837 2060 Plin.
860 2031 908 2066 17,
928 2030 969 2058 83
994 2027 1129 2066 digitos
1160 2024 1171 2065 ΙΙ
1211 2026 1253 2058 19
1281 2026 1485 2065 praeligato-

135 2077 226 2116 leyit
250 2076 345 2107 Plin.
368 2080 416 2114 17,
435 2079 478 2107 87
507 2072 518 2115 ΙΙ
550 2075 594 2107 20
615 2075 654 2107 R.
674 2074 802 2106 XXXII
829 2074 973 2106 Stercus
999 2078 1037 2105 ut
1062 2074 1206 2105 diuidas
1229 2072 1233 2111 Ι
1258 2073 1310 2113 Cf.
1332 2083 1360 2105 e.
1380 2075 1445 2111 5,8

135 2123 180 2155 23
207 2131 316 2162 quom
345 2124 501 2155 maxime
528 2132 571 2154 ex
597 2123 641 2154 25
667 2123 747 2154 Keil
779 2131 887 2161 quam
921 2122 1077 2153 maxime
1123 2118 1127 2161 Ι
1175 2120 1230 2161 Cf.
1251 2131 1279 2153 c.
1299 2123 1359 2158 50,·
1385 2120 1480 2152 Ptin.

137 2173 236 2209 17,57
248 2172 284 2202 et
298 2173 417 2208 18,243
435 2167 447 2209 ΙΙ
467 2170 510 2201 25
539 2179 619 2202 cum
647 2171 803 2201 maxime
816 2169 892 2201 ch
918 2170 1122 2200 comaxime
1136 2168 1169 2200 A
1188 2165 1199 2207 Η
1219 2167 1262 2199 27
1284 2167 1322 2199 R.
1338 2166 1481 2199 XXXIII

136 2217 261 2249 Bubus
287 2217 450 2249 frondem
493 2216 497 2255 Ι
534 2217 588 2256 Cf.
609 2217 704 2249 Ptin.
726 2220 774 2254 16,
794 2220 835 2248 92
868 2214 873 2254 Ι
908 2216 1078 2248 ficulnam
1113 2213 1321 2253 (ficulneam
1349 2224 1483 2255 apoyr-

136 2265 219 2296 Ital.
247 2265 417 2296 ficulnam
440 2264 471 2296 A
499 2265 746 2303 flculnamque
767 2264 844 2296 Pol.
872 2263 1142 2302 ficulneamque
1162 2261 1200 2301 v)
1221 2260 1231 2301 ΙΙ
1251 2262 1295 2293 29
1318 2261 1370 2301 Cf.
1387 2262 1484 2293 plin„

139 2317 186 2350 17,
207 2316 247 2342 55
