1618 2470
106 39 162 77 20
700 30 862 67 Catonis

106 149 169 174 ros
203 139 377 184 parietes
411 148 460 174 ex
494 139 629 180 latere,
661 139 899 184 iugumenta
933 141 971 174 et
1003 142 1318 184 antepagmenta
1350 149 1456 184 quae

57 194 80 227 5
106 201 209 237 opus
236 195 351 228 erunt
377 191 570 237 indi[c]to.
617 194 749 227 cetera
775 192 840 227 lex
867 191 922 227 uti
943 191 1123 236 villa<e>
1151 202 1201 228 ex
1229 193 1339 228 calce
1366 202 1455 229 cae·

106 245 262 281 mentis.
300 245 471 290 pretium
493 246 532 280 in
559 245 718 290 tegulas
738 245 920 290 singulas
940 253 967 279 11
988 251 1023 280 S.
1061 245 1151 281 loco
1172 246 1320 282 salubri
1346 247 1456 283 bono

105 298 271 334 domino
293 299 395 334 haec
417 308 521 344 quae
541 308 661 343 supra
681 299 808 343 pretia
828 299 960 343 posita
979 301 1087 334 sunt:
1115 309 1165 335 ex
1191 300 1308 345 signo
1330 300 1456 335 mani·

68 360 85 386 5
104 351 276 396 pretium
305 352 387 387 erit.
439 352 530 388 loco
563 352 777 396 pestilenti,
811 352 879 387 ubi
913 355 1067 388 aestate
1092 352 1177 388 fieri
1203 363 1285 388 non
1311 355 1456 398 potest,

105 405 214 440 bono
243 405 410 441 domino
439 415 527 450 pars
554 407 693 450 quarta
719 405 820 450 preti
847 406 1026 441 accedat.

33 456 117 502 XV]
170 458 366 493 Macerias
399 468 449 493 ex
477 458 588 494 calce
615 458 836 494 caementis
864 459 989 495 silice.
1022 459 1077 494 uti
1104 459 1293 495 dominus
1319 461 1457 495 omnia

104 511 156 546 ad
182 520 285 556 opus
305 512 508 556 praebeat,
524 511 645 547 altam
667 519 700 547 P.
715 519 745 546 v
766 514 805 546 et
825 512 1013 548 columen
1035 520 1069 547 P.
1091 520 1115 553 1,
1137 522 1312 548 crassam
1334 520 1367 548 P.
1389 521 1400 548 1
1422 520 1455 554 S,

104 563 327 609 longa<m>
361 572 395 600 P.
415 572 501 606 xlv,
536 567 574 600 et
606 565 662 600 uti
695 565 870 600 sublinat
908 565 1031 601 locari
1063 568 1231 611 oportet.
1283 566 1457 610 parietes

51 625 84 651 10
104 617 224 653 villae
251 618 283 653 si
310 618 417 653 locet
449 618 489 653 in
522 626 556 653 P.
581 624 622 659 C,
650 618 690 653 id
718 620 778 653 est
804 626 838 654 P.
859 626 888 653 X
915 629 1079 664 quoquo
1106 629 1279 660 versum,
1308 619 1455 656 libellis

104 671 143 706 in
163 672 255 716 ped.
269 679 299 706 V
320 674 358 707 et
379 672 571 717 perticam
592 680 603 706 1
625 679 659 706 P.
677 678 760 707 V1c.
783 679 823 707 N.
844 679 884 707 X.
912 672 1238 717 sesquipedalem
1261 672 1455 717 parietem

104 725 292 760 dominus
324 725 587 760 fundamenta
619 725 738 760 faciat
765 728 803 760 et
830 725 881 759 ad
908 734 1011 770 opus
1046 726 1239 770 praebeat
1266 725 1387 761 calcis
1414 726 1454 761 in

103 785 137 812 P.
165 778 348 823 singulos
375 777 474 822 <in>
502 778 798 823 longitudinem
836 777 954 823 [opus
990 777 1063 823 est]
1101 779 1281 814 modium
1319 789 1455 820 unum,

50 839 82 865 14
102 831 279 867 harenae
306 831 468 867 modios
495 832 609 867 duOS.

55 883 155 929 XVI]
208 883 370 920 Calcem
397 885 584 930 partiario
613 886 867 930 coquendam
896 886 963 930 qui
991 886 1097 927 dant,
1119 886 1172 920 ita
1205 886 1329 921 datur.
1369 895 1456 930 per»

102 937 182 972 ficit
203 940 242 973 et
263 938 399 982 coquit
422 940 460 973 et
481 947 531 973 ex
552 938 716 974 fornace
737 939 890 974 calcem
912 938 1051 974 eximit
1071 939 1265 974 calcatius
1287 942 1326 974 et
1345 939 1456 984 ligna

103 991 263 1027 conficit
289 992 340 1026 ad
362 991 579 1027 fornacem.
615 991 804 1027 dominus
824 991 1014 1036 lapidem,
1035 991 1146 1037 ligna
1167 993 1217 1027 ad
1239 992 1456 1032 fornacem,

102 1045 212 1088 quod
239 1054 340 1090 opus
368 1045 455 1085 siet,
483 1045 660 1090 praebet.

55 1096 172 1142 XVII]
224 1098 361 1134 Robus
389 1098 594 1139 materies,
622 1099 718 1134 item
744 1098 880 1139 ridica,
915 1098 982 1133 ubi
1016 1098 1230 1133 solstitium
1262 1098 1379 1133 fuerit
1405 1099 1455 1133 ad

46 1158 82 1185 20
100 1151 285 1186 brumam
306 1161 467 1196 semper
487 1152 730 1196 tempestiva
746 1155 816 1187 est.
845 1154 978 1186 cetera
993 1151 1180 1186 materies
1195 1161 1301 1196 quae
1315 1161 1455 1187 semen

101 1204 233 1246 habet,
271 1214 361 1240 cum
398 1214 539 1240 semen
576 1207 774 1240 maturum
810 1205 949 1245 habet,
985 1207 1069 1239 tum
1105 1205 1348 1249 tempestiva
1385 1211 1455 1241 est.

102 1268 206 1302 quae
233 1258 420 1294 materies
454 1267 595 1293 semen
628 1268 709 1293 non
736 1258 870 1299 habet,
899 1268 989 1293 cum
1024 1258 1219 1303 glubebit,
1245 1260 1329 1293 tum
1356 1261 1455 1294 teln-

101 1311 258 1356 pest1va
285 1314 355 1347 est.
395 1310 424 1356 ἦ·
445 1321 506 1352 eo,
536 1312 630 1356 quia
656 1321 797 1347 semen
818 1311 946 1346 viride
973 1313 1012 1346 et
1032 1314 1230 1346 maturum
1252 1312 1374 1347 habet
1400 1311 1457 1356 (id

46 1373 81 1399 24
101 1374 242 1400 semen
270 1365 321 1400 de
355 1374 558 1409 cupresso,
592 1365 643 1399 de
676 1365 773 1409 pino
806 1364 967 1410 quidvis
1000 1364 1095 1399 anni
1128 1365 1265 1410 legere
1297 1364 1455 1409 possis),

52 1418 74 1452 2
101 1418 196 1453 item
224 1418 384 1462 quidvis
411 1418 505 1453 anni
534 1420 687 1453 matura
721 1420 780 1453 est
807 1421 846 1453 et
880 1417 1135 1462 tempestiva.
1186 1418 1337 1453 ibidem
1364 1422 1455 1453 sunt

103 1480 229 1506 nuces
262 1471 414 1513 bimae,
442 1471 537 1506 inde
571 1480 711 1506 semen
746 1471 922 1512 excidet,
950 1474 989 1506 et
1024 1471 1254 1512 anniculae,
1287 1480 1361 1506 eae
1387 1471 1456 1506 ubi

103 1525 274 1569 primum
301 1524 498 1569 incipiunt
524 1524 717 1566 hiascere,
738 1528 822 1560 tum
843 1524 924 1569 legi
946 1526 1120 1569 oportet:
1144 1533 1215 1569 per
1241 1524 1454 1560 sementim

102 1577 274 1622 primum
307 1577 503 1622 incipiunt
536 1580 715 1613 maturae
749 1587 856 1618 esse,
890 1579 1033 1622 postea
1066 1586 1194 1622 usque
1227 1578 1331 1613 adeo
1364 1581 1456 1612 sunt

148 1705 168 1736 2
195 1706 265 1737 del.
293 1715 316 1736 v
351 1704 355 1743 Ι
390 1707 478 1737 add.
505 1705 613 1738 Sclm.
639 1703 690 1745 113
722 1711 748 1737 11
777 1709 797 1737 S
826 1706 965 1738 Gesner
991 1710 1031 1737 N.
1059 1708 1080 1736 S
1112 1704 1123 1744 Η
1155 1705 1174 1735 ’ἲ
1203 1704 1374 1736 R.XV111
1398 1705 1456 1738 De

102 1753 267 1784 maceriis
294 1753 536 1785 aedificandis
568 1751 579 1792 Η
616 1753 637 1784 8
664 1754 834 1785 columen
861 1757 895 1784 P.
924 1758 934 1784 1
962 1750 1149 1791 (columen
1176 1756 1210 1784 Ρ.
1231 1756 1260 1783 V
1286 1752 1365 1784 Pol.
1393 1761 1454 1785 co-

100 1800 222 1831 lumen
249 1804 284 1832 P.
307 1804 318 1831 1
345 1798 495 1840 apoyr.)
527 1797 538 1839 ΙΙ
571 1800 592 1831 9
619 1802 708 1833 add.
736 1802 816 1832 cod.
843 1801 973 1832 Medic.
1000 1809 1033 1831 rn
1059 1797 1070 1839 Η
1098 1799 1236 1832 11--13
1262 1801 1453 1839 sesquipe-

101 1847 220 1879 dalem
249 1848 423 1885 parietem
444 1848 684 1879 fundamenta
705 1848 813 1880 faciat
839 1851 875 1880 et
900 1848 948 1879 ad
968 1855 1062 1886 opus
1083 1847 1258 1885 praebeat
1283 1848 1457 1879 dominus

101 1894 212 1926 calcis
238 1895 276 1926 in
302 1899 336 1926 P.
363 1895 530 1934 singulos
557 1897 595 1927 in
622 1895 892 1935 longitudinem
921 1893 1029 1933 [opus
1055 1891 1124 1932 est]
1152 1894 1315 1926 modium
1341 1903 1454 1926 unum

98 1941 179 1973 Keil
197 1938 208 1981 ΙΙ
238 1941 280 1973 15
307 1941 347 1974 R.
367 1941 498 1974 XVIIII
526 1941 671 1975 Calcem
700 1942 869 1981 partiario
898 1942 1090 1974 locandam
1123 1938 1134 1980 ΙΙ
1165 1941 1206 1972 17
1234 1941 1383 1974 conficit
1407 1942 1455 1973 ad

100 1988 283 2021 furnacem
306 1989 385 2021 Pol.
407 1998 426 2021 c
454 1990 603 2022 conficit
629 1990 676 2021 ad
702 1990 887 2022 fornacem
909 1990 1053 2028 reliqua
1081 1998 1213 2028 apoqr.
1234 1986 1244 2028 ΙΙ
1267 1989 1309 2020 19
1335 1988 1375 2020 R.
1390 1988 1456 2020 XX

98 2035 269 2068 Materies
296 2037 384 2075 quid
410 2038 497 2068 anni
526 2037 747 2075 tempestiua
772 2037 819 2068 sit
849 2034 860 2076 Η
891 2036 938 2068 20
966 2035 1019 2076 Cf.
1047 2045 1075 2068 c.
1095 2039 1181 2074 31,2
1212 2033 1222 2076 Η
1254 2036 1296 2067 21
1325 2045 1453 2068 semen

101 2085 275 2115 maturum
304 2081 497 2122 (maturum
524 2092 651 2116 semen
671 2084 703 2116 V
730 2093 858 2116 semen
885 2086 1063 2115 maturum
1091 2092 1224 2123 apoyr.
1251 2086 1288 2115 et
1317 2079 1417 2122 Vict.)
1444 2090 1454 2118 μ’

99 2130 143 2162 23
170 2138 216 2162 ea
241 2139 336 2170 quae
369 2141 449 2163 cum
475 2131 640 2163 Izzcundo
666 2131 809 2163 Hauler
831 2141 870 2171 ρ.
886 2134 925 2162 19
958 2125 1125 2172 (pinus)
1147 2139 1192 2163 eo
1220 2132 1306 2169 quia
1336 2128 1418 2162 Keil
1441 2126 1454 2171 Η

98 2178 143 2208 24
169 2178 333 2216 cipresso
359 2174 370 2217 ΙΙ
396 2178 442 2209 26
469 2179 591 2210 bimae
616 2179 687 2210 luc.
717 2179 827 2210 binae
865 2176 875 2217 ΙΙ
914 2177 958 2209 28
990 2178 1142 2216 primum
1170 2187 1242 2210 om.
1263 2178 1341 2209 Pol.
1362 2179 1451 2210 add.

98 2234 231 2264 apoyr.
264 2227 301 2257 et
334 2225 420 2257 Vict.
460 2223 548 2262 (tum
590 2226 742 2264 primum
783 2234 846 2264 per
884 2233 1011 2258 semen
1039 2224 1078 2264 v)
1135 2223 1140 2263 l
1196 2228 1333 2256 mature
1369 2233 1452 2257 esse

100 2281 233 2312 apoyr.
261 2275 399 2304 matura
425 2281 507 2305 esse
533 2273 565 2304 V
