1575 2470
624 51 914 88 PRAEFATIO
1360 50 1448 85 XIII

87 162 322 198 ficationem
338 160 533 205 displicet,
549 170 642 195 nam
660 169 793 204 neque
810 160 1126 194 substt'amenta
1140 167 1273 203 neque
1283 160 1447 193 sustra-

92 216 209 250 mina
236 214 286 249 ad
314 213 579 258 operiendum
607 212 858 252 adhibentur,
884 213 1130 247 stramentis
1158 214 1293 247 autem
1315 210 1445 246 codici

92 277 175 303 non
213 266 416 307 satisfacit,
454 275 594 301 semen
632 266 857 301 stramenti
894 274 1028 309 neque
1066 264 1208 300 codice
1244 273 1378 309 neque
1405 274 1447 298 re

94 320 402 356 commendatur
421 318 482 363 (cf.
498 321 605 354 recte
626 318 733 353 Hau
747 318 757 352 1
771 327 820 353 er
847 328 883 363 p.
911 318 988 361 29):
1010 317 1268 353 scribendum
1289 317 1447 352 videtur

91 372 292 418 s<at>11m
319 373 580 414 stramentis,
613 381 693 416 qua
727 371 918 415 scriptura
954 374 992 405 et
1019 370 1171 406 codicis
1198 370 1381 415 vestigiis
1409 374 1446 405 et

91 426 320 462 sententiae
346 425 465 461 simul
494 424 737 460 consuletur.
777 422 831 459 Cf.
853 434 889 468 p.
910 424 967 464 64,
989 424 1027 459 7:
1056 426 1096 459 et
1121 424 1192 459 ubi
1217 433 1356 459 semen
1378 433 1445 458 sa-

93 481 180 515 tum
206 480 296 522 siet,
321 479 566 514 stramentis
601 478 768 521 operiri.
798 497 839 499 >e
868 476 931 512 Ad
964 477 1038 512 has
1072 487 1172 521 quas
1200 476 1311 512 attuli
1339 477 1445 511 lacu-

93 542 167 568 nas
204 532 403 568 accedunt
439 541 513 567 eae
551 540 651 576 quas
683 540 873 565 numeros
905 530 1090 565 hausisse
1117 532 1231 575 putat
1258 539 1307 565 ex
1334 531 1446 574 parte

92 595 184 621 cum
212 585 300 620 aliis
327 585 430 620 Keil
465 583 663 629 capitibus
696 583 741 624 Χ,
768 583 830 624 XI,
857 583 959 618 XIII:
994 583 1061 619 ubi
1097 592 1218 618 nemo
1247 582 1444 618 dubitabit

93 639 144 674 de
170 639 226 679 17,
245 638 308 679 31;
335 647 410 673 nec
437 636 624 673 incertior
650 646 712 672 res
739 638 799 672 est
826 637 881 677 18,
901 637 934 677 4,
954 637 988 678 5,
1007 637 1041 678 8,
1064 637 1118 678 11,
1139 637 1196 677 24,
1229 637 1292 677 27;
1320 646 1366 671 ac
1394 646 1445 670 ne

91 692 145 727 de
159 691 206 727 28
220 691 383 737 quidem
398 690 569 726 dubitari
585 699 706 735 posse
718 690 851 726 credo.
873 689 1128 735 Quamquam
1142 690 1193 725 de
1205 690 1284 725 hoc
1295 689 1360 725 vel
1377 689 1444 724 illo

92 745 183 780 loco
211 747 324 780 erunt
350 744 417 789 qui
445 744 558 779 aliter
591 743 780 779 iudicent.
820 743 881 778 De
916 744 1059 779 ceteris
1086 743 1241 778 lacunis
1268 752 1349 779 non
1377 743 1443 777 ha-

91 798 170 833 beo
197 798 307 843 quod
334 798 492 832 addam.
522 817 565 820 —
593 795 843 832 Contrarium
877 796 1064 832 vitiorum
1097 806 1228 842 genus
1255 796 1442 831 addita-

92 854 251 886 menta
284 853 392 890 sunt,
426 850 561 895 qualia
594 859 675 885 non
708 859 838 894 pauca
870 850 910 885 in
946 848 1144 885 Catonis
1171 850 1295 885 verba
1321 858 1442 894 pene-

91 908 219 939 trasse
247 903 367 939 etiam
396 913 446 939 ex
472 903 548 939 hac
575 903 699 938 altera
726 902 905 938 editione
933 906 1110 948 apparet.
1163 903 1342 943 Quorum
1375 903 1442 937 ad-

25 984 30 988 .
91 957 406 993 ditamentorum
434 956 532 992 ratio
560 956 710 1000 duplex
739 958 809 991 est.
849 955 1156 1001 Simplicissima
1184 956 1373 1001 exempla
1394 965 1443 991 ex

93 1020 204 1045 mera
229 1010 521 1046 vocabulorum
549 1009 614 1045 vel
641 1009 885 1054 syllabarum
921 1010 1186 1045 iteratione
1223 1010 1443 1055 repetenda

91 1065 194 1105 sunt,
209 1063 321 1099 velut
335 1063 367 1099 si
383 1074 420 1108 p.
435 1064 491 1105 21,
506 1064 527 1098 7
543 1064 717 1098 arbores
733 1065 773 1098 et
784 1063 983 1107 [arbores
999 1062 1056 1107 et]
1069 1064 1254 1108 parietes
1269 1063 1309 1098 in
1325 1063 1443 1097 Mar-

90 1116 232 1152 ciano
270 1119 329 1152 est
361 1117 426 1152 vel
459 1127 495 1162 p.
515 1117 573 1158 58,
594 1117 639 1151 22
671 1118 759 1152 esto
787 1118 883 1152 item
910 1116 1018 1162 [esto
1047 1115 1182 1160 item];
1220 1126 1299 1161 quo
1327 1116 1442 1161 perti-

91 1172 206 1205 neret
231 1170 455 1205 dimidz'ata
490 1169 580 1214 [ΐῖι]
616 1179 666 1205 ex
699 1170 972 1206 dimidiatam
1006 1173 1144 1205 natum
1173 1180 1209 1215 p.
1229 1170 1286 1211 30,
1307 1169 1340 1211 3,
1367 1169 1441 1204 nisi

90 1222 223 1266 potius
237 1222 450 1268 neglectae
465 1222 747 1258 concinnitatis
761 1223 992 1268 exemplum
1004 1224 1312 1269 agnoscendum
1326 1227 1442 1258 esset.

91 1275 224 1320 Saepe
250 1276 451 1311 vocabula
479 1285 528 1311 ex
554 1275 739 1311 vicinia
766 1276 931 1312 inmissa
952 1277 1017 1312 vel
1039 1276 1257 1321 anticipata
1283 1278 1441 1312 senten-

89 1329 186 1363 tiam
213 1329 383 1369 turbant,
410 1330 453 1364 ut
478 1339 514 1374 p.
535 1329 591 1370 23,
614 1330 657 1364 17
684 1330 833 1365 dextra
860 1331 1035 1366 sinistra
1062 1331 1275 1373 foramina
1303 1329 1442 1365 iterata

89 1383 183 1417 sunt
219 1391 268 1417 ex
308 1381 365 1417 eis
398 1392 503 1427 quae
529 1392 565 1427 p.
587 1382 643 1423 23,
666 1383 710 1418 15
745 1383 1010 1427 praecedunt,
1044 1383 1109 1418 vel
1137 1383 1366 1418 luminaria
1398 1382 1445 1417 V!

89 1445 126 1479 p.
149 1435 204 1476 19,
225 1435 271 1470 16
297 1435 515 1471 cohaerent
551 1445 641 1471 cum
670 1435 956 1480 lumina<ricz>
988 1436 1036 1471 VI
1060 1447 1096 1471 v.
1120 1437 1164 1471 15
1196 1437 1264 1477 (de
1297 1436 1444 1481 quibus

89 1492 226 1524 tamen
248 1488 402 1524 dubitat
422 1488 617 1530 Hauler;
645 1489 691 1524 ci.
712 1499 749 1534 p.
770 1489 902 1533 XVII).
940 1489 1021 1525 Sed
1042 1489 1124 1526 noli
1141 1491 1305 1525 credere
1320 1489 1440 1525 etiam

88 1551 126 1586 p.
147 1541 203 1582 12,
224 1541 248 1576 8
274 1542 449 1577 vlridius
483 1543 523 1577 et
555 1551 604 1577 ex
631 1552 668 1576 v.
688 1543 778 1587 5sq.
804 1542 1018 1587 repetitum
1057 1552 1147 1578 esse
1179 1543 1245 1578 vel
1272 1544 1442 1578 huiusce

91 1594 206 1629 modi
231 1604 269 1639 p.
288 1594 345 1635 67,
364 1595 388 1629 6
415 1604 465 1630 ex
487 1594 544 1630 eis
571 1605 676 1640 quae
703 1599 903 1637 secuntur,
931 1596 996 1631 vel
1023 1607 1059 1642 p.
1080 1597 1137 1638 62,
1160 1597 1204 1632 14
1230 1597 1354 1632 verba
1381 1597 1441 1632 lo-

89 1657 160 1682 cus
181 1675 189 1682 .
211 1673 219 1681 .
241 1675 249 1682 .
269 1647 397 1691 faciet
423 1657 472 1683 ex
497 1648 555 1689 62,
576 1649 598 1683 2
631 1650 739 1690 (cum
766 1649 1097 1693 Mommseno):
1125 1650 1193 1685 ubi
1222 1659 1286 1685 me
1307 1649 1441 1685 iudice

84 1700 229 1736 *omnia
255 1710 354 1736 sana
380 1704 484 1736 sunt.
535 1701 672 1737 Altera
698 1702 1019 1747 interpolationis
1046 1703 1204 1748 species
1232 1713 1282 1739 ex
1309 1703 1441 1748 glos-

89 1753 290 1789 sematis
324 1753 484 1790 intrusis
516 1757 610 1790 nata
643 1757 720 1796 est;
755 1757 796 1790 ut
821 1766 858 1800 p.
879 1756 936 1797 50,
957 1757 1003 1792 24
1032 1756 1135 1792 Keil
1164 1758 1304 1792 vinum
1332 1760 1462 1793 recte.

89 1806 299 1842 damnavit
330 1806 392 1851 (cf.
418 1817 455 1852 p.
475 1807 532 1848 50,
553 1808 592 1848 2;
617 1807 768 1852 50,15),
805 1809 915 1853 quod
950 1810 1210 1854 interpolator
1247 1820 1297 1845 ex
1330 1820 1366 1844 v.
1396 1810 1442 1845 23

89 1858 254 1900 adiecit,
287 1862 330 1894 ut
362 1860 481 1904 quale
507 1860 735 1896 subiectum
762 1864 869 1897 esset
896 1862 1107 1903 indicaret;
1135 1863 1231 1898 item
1259 1873 1296 1908 p.
1316 1864 1374 1904 62,
1396 1863 1441 1898 13

88 1912 286 1948 dominus
326 1922 376 1948 ex
414 1913 533 1948 simili
572 1914 925 1959 interpretamento
970 1916 1113 1960 repetit
1158 1917 1440 1955 Mommsen:

88 1964 266 2010 denique
303 1968 483 2011 segetem
518 1967 618 2003 falso
653 1967 720 2012 qui
753 1968 964 2013 adscripsit
990 1979 1027 2014 p.
1047 1969 1104 2010 64,
1125 1970 1172 2005 28
1203 1971 1293 2014 post
1319 1970 1438 2005 didu-

87 2028 178 2054 cere
205 2020 246 2054 in
275 2021 366 2054 vias
392 2022 433 2055 et
458 2020 595 2056 nescio
617 2030 667 2056 an
689 2020 898 2057 hebetiore
919 2031 1039 2058 sensu
1062 2022 1214 2067 aliquid
1236 2023 1438 2059 desidera-

86 2071 198 2106 verit.
249 2071 403 2107 Eodem
439 2073 571 2109 studio
607 2073 811 2109 adiectum
844 2074 1048 2111 videretur
1080 2078 1161 2112 siet
1186 2087 1222 2121 p.
1244 2076 1300 2117 21,
1322 2077 1378 2118 22,
1406 2079 1437 2112 si

88 2133 228 2160 revera
262 2125 544 2170 interpolatum
581 2130 702 2162 esset:
740 2129 779 2162 at
814 2128 910 2163 vide
947 2138 999 2164 ne
1032 2130 1164 2174 potius
1200 2139 1251 2165 ex
1277 2129 1439 2166 insolita

88 2178 309 2212 structurae
330 2177 566 2214 confusione
586 2179 752 2224 scriptor
772 2179 858 2224 ipse
881 2180 1024 2217 dixerit
1051 2183 1184 2218 altam
1212 2183 1341 2226 facito
1361 2185 1442 2219 siet

87 2238 158 2273 pro
186 2239 235 2265 eo
262 2231 371 2275 quod
399 2233 458 2266 est
483 2231 611 2274 fac-tto
639 2232 729 2267 alta
755 2234 844 2268 siet.
885 2232 1039 2273 Quibus
1067 2245 1148 2270 non
1170 2235 1258 2270 sine
1278 2236 1433 2271 ratione
