1575 2470
625 111 915 148 PRAEFATIO
1413 113 1446 147 V

98 220 186 255 sive
224 218 394 264 margini
431 217 671 262 adscriptam
710 216 1022 261 dittographiam
1060 218 1147 253 sive
1183 218 1221 252 in
1258 217 1445 258 versuum

101 271 321 308 intervallis
360 272 599 307 collocatam
637 269 760 305 fuisse
799 270 1040 315 putabimus.
1105 271 1224 306 Velut
1262 282 1297 316 p.
1324 272 1447 313 46,14

99 326 218 362 huius
235 325 434 366 editionis,
447 324 513 360 ubi
527 323 763 369 apographa
774 323 927 368 reliqua
937 324 1078 368 partim
1094 326 1292 360 nascetur
1305 325 1446 369 partim

98 379 264 415 nocebit
289 378 492 418 exhibent,
520 387 610 413 cum
638 377 677 412 in
705 377 740 412 A
766 377 946 412 relictum
981 378 1031 413 sit
1057 380 1254 413 nascetur
1280 381 1323 414 et⁴
1345 379 1447 414 [ἠο-

99 433 208 468 cebit
249 441 368 477 supra
407 431 668 476 adscriptum,
710 430 764 465 'in
804 431 986 476 margine
1026 431 1166 476 optimi
1207 433 1447 477 exemplaris

99 486 244 522 eadem
272 495 392 520 manu
421 495 498 530 qua
525 485 625 520 liber
652 487 836 519 exaratus
871 487 946 525 est,
983 494 1052 530 pro
1079 485 1334 529 Nascebit(?)
1367 487 1446 521 No-

97 540 205 575 cebit
231 539 489 574 emendatum
527 538 601 573 est⁷
630 537 773 582 (Vict.).
825 538 865 573 P.
885 538 941 578 50,
964 538 1009 573 13
1044 538 1083 573 in
1121 541 1309 574 contextu
1339 541 1446 584 quod

94 593 166 629 fuit
193 593 244 628 de
268 593 421 635 scopio‚
449 591 485 627 ei
506 591 545 626 in
567 591 748 637 margine
769 592 823 627 al'
838 592 889 626 (le
914 593 1113 636 scopione
1139 602 1197 627 ex.
1219 594 1447 638 respondet.

101 648 142 682 Ρ.
162 646 220 688 50,
243 647 286 681 17
313 646 352 680 in
380 647 568 680 contextu
595 645 740 690 legitur
767 646 886 680 lanta
914 647 954 680 et
978 655 1105 689 pura,
1134 648 1172 680 at
1199 646 1238 680 in
1267 647 1447 691 margIne

102 700 157 735 ctl’
185 701 333 735 curata
361 700 421 734 eJc.
473 698 512 733 P.
535 699 590 738 15,
613 699 650 733 11
691 699 964 734 Politianus
1003 699 1227 735 adnotavit:
1263 699 1318 735 ‘in
1346 710 1445 735 mar-

101 753 264 798 ginibus
278 752 425 788 vetusti
441 752 591 788 codicis
607 754 688 787 erat
704 752 780 787 hoc
796 752 962 787 verbum
979 752 1121 795 densa,
1144 755 1181 787 at
1197 753 1302 789 intus
1324 753 1445 789 lora‘.

101 807 142 842 P.
164 806 219 848 13,
239 806 286 841 24
311 806 584 842 Politianus
611 808 776 841 testatur
803 807 1020 850 opsequito
1049 808 1086 841 et
1113 816 1141 841 s.
1164 816 1235 842 scr.
1263 807 1287 841 l’
1315 809 1382 842 tor
1407 808 1445 842 in

99 859 241 895 codice
267 860 407 901 fuisse,
444 859 511 895 ubi
549 860 807 904 obseruator,
844 868 925 894 non
953 859 1171 903 obsequito
1199 862 1258 895 est
1285 860 1324 895 in
1352 871 1446 905 apo-

97 913 272 959 graphis.
314 912 469 953 Quibus
491 913 596 948 adde
617 922 721 957 quae
742 913 793 947 ad
813 912 869 952 37,
892 912 953 953 19;
979 913 1036 953 48,
1060 913 1119 954 16;
1145 913 1202 954 50,
1226 914 1286 955 12;
1312 914 1369 955 52,
1387 915 1446 953 15;

97 967 155 1008 58,
176 967 198 1002 7
224 967 422 1012 leguntur.
473 966 616 1011 Neque
647 975 745 1002 vero
779 966 1038 1011 neglegenda
1075 969 1134 1002 est
1161 968 1369 1003 adnotatio
1396 969 1445 1003 ad

94 1020 152 1062 43,
173 1021 237 1056 22:
277 1020 332 1055 ‘in
369 1020 550 1065 margine
586 1020 732 1055 veteris
769 1019 920 1055 codicis
953 1020 1196 1065 adscriptum
1225 1023 1323 1056 erat:
1362 1025 1447 1057 Huc

98 1084 228 1119 usque
254 1074 305 1109 de
332 1074 495 1109 duobus
522 1074 742 1109 emendavi
767 1074 863 1108 hine
889 1073 940 1108 de
967 1083 1049 1108 ιιηο
1077 1075 1327 1117 exemplario
1356 1076 1445 1111 tan-

98 1127 213 1162 tum'.
265 1126 380 1168 Quae
407 1127 473 1172 qui
502 1126 815 1162 consideraverit
843 1126 962 1162 etiam
990 1127 1029 1161 in
1057 1127 1219 1172 reliquis
1245 1128 1361 1173 siqua
1388 1132 1447 1164 est

99 1180 367 1225 discrepantia
393 1183 435 1215 ut
462 1181 563 1215 inter
589 1179 822 1215 Politiani
849 1181 1040 1216 adnotata
1068 1184 1106 1216 et
1133 1182 1367 1226 apographa
1393 1182 1445 1217 ita

98 1234 200 1269 inter
226 1233 508 1279 apographa
534 1233 753 1268 vetustiora
775 1236 813 1268 et
833 1234 1067 1275 recentiora,
1095 1235 1190 1279 quin
1218 1245 1299 1270 non
1321 1237 1444 1271 semel

98 1288 150 1322 ad
177 1287 379 1332 duplicem
415 1287 527 1322 libri
554 1286 785 1322 Marciani
813 1287 1047 1332 scripturam
1074 1289 1358 1324 recurrendum
1386 1289 1445 1330 sit,

98 1350 179 1376 non
208 1340 415 1376 dubitabit.
466 1340 606 1375 Miram
635 1340 811 1384 denique
838 1341 1074 1376 memoriam
1108 1341 1147 1376 in
1176 1351 1262 1387 cap.
1285 1343 1352 1378 160
1379 1352 1444 1378 ex-

96 1395 268 1429 stantem
295 1394 390 1429 nolo
417 1393 575 1429 silentio
596 1394 822 1438 praeterire,
850 1394 918 1429 ubi
938 1397 1151 1440 utrumque
1172 1395 1445 1431 incantamen-

94 1451 180 1482 tum
207 1447 410 1492 magicum
437 1447 499 1483 bis
524 1447 684 1492 ponitur
711 1456 801 1482 cum
829 1447 1034 1483 levissima
1061 1448 1278 1494 scripturae
1300 1449 1445 1485 discre-

98 1500 234 1544 pantia
255 1502 293 1535 et
314 1500 544 1546 praemissis
564 1501 698 1536 verbis
720 1499 777 1535 ‘in
799 1502 885 1536 alio
896 1511 928 1536 s,
943 1501 1000 1544 f.'‚
1016 1501 1052 1537 h.
1068 1511 1113 1543 e.,
1129 1501 1444 1538 utSkutschio

98 1553 257 1589 videtur
289 1552 411 1597 (apud
447 1553 688 1588 Heimium
724 1553 955 1589 ‘lncantam
992 1555 1153 1600 magic.’
1182 1555 1285 1591 Nov.
1312 1556 1444 1591 annal.

98 1607 227 1652 suppl.
247 1606 336 1642 XIX
361 1617 399 1652 p.
418 1607 488 1642 565
502 1608 587 1651 sq.),
617 1606 672 1642 ‘in
695 1608 781 1642 alio
801 1609 861 1643 sic
880 1607 1048 1651 fertur':
1077 1618 1126 1644 ex
1147 1609 1292 1654 quibus
1312 1609 1445 1644 verbis

98 1660 266 1696 fortasse
293 1660 576 1705 colligeremus
609 1663 647 1695 et
680 1660 874 1696 lectiones
909 1661 995 1696 illas
1029 1662 1197 1707 margini
1225 1662 1445 1707 adscriptas

97 1723 198 1758 quas
234 1723 353 1758 supra
386 1714 498 1748 attuli
527 1716 564 1749 et
596 1714 668 1748 has
705 1713 997 1759 dittographias
1030 1715 1070 1750 in
1105 1717 1215 1750 textu
1253 1716 1445 1751 continuo

99 1766 250 1810 positas
287 1776 336 1802 ex
375 1767 500 1802 altero
538 1769 625 1802 utro
661 1769 911 1803 vetustorum
951 1769 1242 1813 exemplarium
1280 1769 1445 1805 fluxisse

98 1819 235 1864 ibique
261 1820 384 1856 modo
412 1820 582 1866 margini
609 1820 830 1865 adscriptas
849 1821 972 1856 fuisse
993 1823 1116 1857 modo
1137 1822 1178 1857 in
1198 1822 1330 1867 ipsum
1352 1832 1444 1858 con-

96 1874 250 1908 textum
271 1873 488 1918 irrepsisse,
508 1874 584 1909 nisi
606 1874 694 1918 quis
714 1874 847 1919 potius
869 1884 959 1910 eum
976 1874 1015 1911 C.
1031 1875 1257 1921 Wessely
1278 1875 1444 1920 (‘Wien.

100 1926 226 1962 Stud.⁷
255 1926 325 1962 XX
340 1936 374 1962 a.
398 1927 488 1963 1897
514 1938 550 1972 p.
580 1927 662 1971 139)
696 1927 768 1963 has
802 1928 943 1973 capitis
978 1929 1046 1965 160
1077 1928 1369 1975 dittographias
1396 1939 1445 1965 ex

98 1979 238 2016 nescio
253 1989 333 2025 quo
349 1980 737 2016 incantamentorum
759 1982 1009 2026 magicorum
1032 1983 1253 2028 exemplari
1267 1985 1447 2028 sumptas

97 2035 136 2068 et
162 2033 369 2079 religionis
403 2043 523 2069 causa
556 2035 761 2079 appositas
795 2044 901 2075 esse,
929 2035 1081 2071 scilicet
1108 2046 1159 2072 ne
1186 2046 1281 2072 vera
1307 2037 1446 2072 carmi-

95 2096 192 2121 num
216 2086 344 2122 forma
370 2087 601 2123 obrueretur
626 2097 732 2123 neve
758 2087 815 2123 sic
842 2088 935 2123 artis
961 2089 1147 2134 magicae
1172 2090 1233 2125 vis
1259 2090 1446 2135 infringe-

97 2141 212 2181 retur,
240 2140 403 2176 credere
430 2141 562 2175 malet.
581 2161 616 2164 —
638 2139 878 2186 Capitulis
906 2142 1029 2178 libelli
1056 2142 1095 2177 in
1124 2152 1177 2178 co
1190 2143 1301 2179 dice
1329 2143 1446 2178 Mar·

100 2192 239 2229 ciano
265 2193 330 2229 hic
357 2193 437 2229 illic
464 2193 597 2229 minus
623 2197 731 2230 recte
758 2195 956 2240 discriptis
984 2205 1089 2240 quae
1115 2197 1336 2241 praemissa
1356 2200 1447 2232 sunt

100 2249 385 2291 argumenta
410 2247 664 2282 brevicula
691 2248 846 2283 rubrica
872 2248 989 2293 picta,
1017 2248 1161 2284 hausta
1187 2249 1254 2284 illa
1274 2249 1445 2295 plerum-

100 2308 180 2343 que
217 2309 265 2335 ex
307 2299 444 2345 primis
489 2300 665 2345 ipsorum
709 2301 972 2346 capitulorum
1023 2303 1157 2338 verbis
1195 2305 1263 2338 aut
1305 2302 1447 2338 leviter
