<?xml version="1.0" encoding="UTF-8"?>
<!DOCTYPE html PUBLIC "-//W3C//DTD XHTML 1.0 Transitional//EN"
    "http://www.w3.org/TR/xhtml1/DTD/xhtml1-transitional.dtd">
<html xmlns="http://www.w3.org/1999/xhtml" xml:lang="en" lang="en">
 <head>
  <title>
</title>
<meta http-equiv="Content-Type" content="text/html;charset=utf-8" />
  <meta name='ocr-system' content='tesseract 3.04.00' />
  <meta name='ocr-capabilities' content='ocr_page ocr_carea ocr_par ocr_line ocrx_word'/>
</head>
<body>
  <div class='ocr_page' id='page_1' title='image "./deagriculturalib00catouoft_0093.png"; bbox 0 0 1618 2470; ppageno 0'>
   <div class='ocr_carea' id='block_1_1' title="bbox 492 103 1481 149">
    <p class='ocr_par' dir='ltr' id='par_1_1' title="bbox 492 103 1481 149">
     <span class='ocr_line' id='line_1_1' title="bbox 492 103 1481 149; baseline 0.001 -11"><span class='ocrx_word' id='word_1_1' title='bbox 492 103 553 139; x_wconf 94' lang='lat' dir='ltr'>De</span> <span class='ocrx_word' id='word_1_2' title='bbox 579 104 664 149; x_wconf 87' lang='lat' dir='ltr'>agri</span> <span class='ocrx_word' id='word_1_3' title='bbox 691 104 842 139; x_wconf 91' lang='lat' dir='ltr'>cultura</span> <span class='ocrx_word' id='word_1_4' title='bbox 870 113 901 139; x_wconf 93' lang='lat' dir='ltr'>c.</span> <span class='ocrx_word' id='word_1_5' title='bbox 930 103 1116 139; x_wconf 86' lang='lat'>156—157</span> <span class='ocrx_word' id='word_1_6' title='bbox 1427 111 1481 149; x_wconf 84' lang='lat'>67</span> 
     </span>
    </p>
   </div>
   <div class='ocr_carea' id='block_1_2' title="bbox 123 210 1537 1857">
    <p class='ocr_par' dir='ltr' id='par_1_2' title="bbox 123 210 1537 1857">
     <span class='ocr_line' id='line_1_2' title="bbox 128 210 1481 257; baseline -0.001 -10"><span class='ocrx_word' id='word_1_7' title='bbox 128 222 208 257; x_wconf 89' lang='lat' dir='ltr'>que</span> <span class='ocrx_word' id='word_1_8' title='bbox 234 211 421 257; x_wconf 84' lang='lat' dir='ltr'>purgabit</span> <span class='ocrx_word' id='word_1_9' title='bbox 447 220 650 256; x_wconf 88' lang='lat' dir='ltr'>sanosque</span> <span class='ocrx_word' id='word_1_10' title='bbox 670 210 799 251; x_wconf 84' lang='lat' dir='ltr'>faciet,</span> <span class='ocrx_word' id='word_1_11' title='bbox 821 212 930 255; x_wconf 92' lang='lat' dir='ltr'>quod</span> <span class='ocrx_word' id='word_1_12' title='bbox 954 210 1119 255; x_wconf 75' lang='lat' dir='ltr'>(aliud)</span> <span class='ocrx_word' id='word_1_13' title='bbox 1140 211 1481 246; x_wconf 81' lang='lat' dir='ltr'>medicamentum</span> 
     </span>
     <span class='ocr_line' id='line_1_3' title="bbox 124 263 1482 309; baseline -0.001 -8"><span class='ocrx_word' id='word_1_14' title='bbox 124 266 259 301; x_wconf 75' lang='lat' dir='ltr'>tacere</span> <span class='ocrx_word' id='word_1_15' title='bbox 285 274 367 301; x_wconf 91' lang='lat' dir='ltr'>non</span> <span class='ocrx_word' id='word_1_16' title='bbox 393 266 536 309; x_wconf 91' lang='lat' dir='ltr'>potest.</span> <span class='ocrx_word' id='word_1_17' title='bbox 563 273 704 299; x_wconf 90' lang='lat' dir='ltr'>verum</span> <span class='ocrx_word' id='word_1_18' title='bbox 731 264 839 308; x_wconf 92' lang='lat' dir='ltr'>prius</span> <span class='ocrx_word' id='word_1_19' title='bbox 860 274 982 309; x_wconf 91' lang='lat' dir='ltr'>quam</span> <span class='ocrx_word' id='word_1_20' title='bbox 1009 264 1049 298; x_wconf 91' lang='lat' dir='ltr'>id</span> <span class='ocrx_word' id='word_1_21' title='bbox 1076 263 1259 309; x_wconf 82' lang='lat' dir='ltr'>inponas,</span> <span class='ocrx_word' id='word_1_22' title='bbox 1287 274 1391 309; x_wconf 91' lang='lat' dir='ltr'>aqua</span> <span class='ocrx_word' id='word_1_23' title='bbox 1419 274 1482 300; x_wconf 93' lang='lat' dir='ltr'>ca-</span> 
     </span>
     <span class='ocr_line' id='line_1_4' title="bbox 127 317 1483 362; baseline -0.001 -8"><span class='ocrx_word' id='word_1_24' title='bbox 127 319 209 354; x_wconf 89' lang='lat' dir='ltr'>lida</span> <span class='ocrx_word' id='word_1_25' title='bbox 236 318 360 354; x_wconf 88' lang='lat' dir='ltr'>multa</span> <span class='ocrx_word' id='word_1_26' title='bbox 385 318 537 353; x_wconf 88' lang='lat' dir='ltr'>lavato:</span> <span class='ocrx_word' id='word_1_27' title='bbox 565 319 707 362; x_wconf 91' lang='lat' dir='ltr'>postea</span> <span class='ocrx_word' id='word_1_28' title='bbox 727 317 788 352; x_wconf 90' lang='lat' dir='ltr'>bis</span> <span class='ocrx_word' id='word_1_29' title='bbox 815 317 855 352; x_wconf 90' lang='lat' dir='ltr'>in</span> <span class='ocrx_word' id='word_1_30' title='bbox 883 317 948 352; x_wconf 92' lang='lat' dir='ltr'>die</span> <span class='ocrx_word' id='word_1_31' title='bbox 976 317 1185 353; x_wconf 79' lang='lat' dir='ltr'>contritam</span> <span class='ocrx_word' id='word_1_32' title='bbox 1207 317 1406 362; x_wconf 88' lang='lat' dir='ltr'>inponito:</span> <span class='ocrx_word' id='word_1_33' title='bbox 1436 327 1483 353; x_wconf 91' lang='lat' dir='ltr'>ea</span> 
     </span>
     <span class='ocr_line' id='line_1_5' title="bbox 125 370 1482 417; baseline -0.001 -9"><span class='ocrx_word' id='word_1_34' title='bbox 125 381 290 408; x_wconf 87' lang='lat' dir='ltr'>omnem</span> <span class='ocrx_word' id='word_1_35' title='bbox 328 373 514 417; x_wconf 92' lang='lat' dir='ltr'>putorem</span> <span class='ocrx_word' id='word_1_36' title='bbox 554 370 714 406; x_wconf 84' lang='lat' dir='ltr'>adimet.</span> <span class='ocrx_word' id='word_1_37' title='bbox 766 380 910 406; x_wconf 82' lang='lat' dir='ltr'>cancer</span> <span class='ocrx_word' id='word_1_38' title='bbox 949 373 1043 411; x_wconf 89' lang='lat' dir='ltr'>ater,</span> <span class='ocrx_word' id='word_1_39' title='bbox 1076 370 1108 405; x_wconf 89' lang='lat' dir='ltr'>is</span> <span class='ocrx_word' id='word_1_40' title='bbox 1142 370 1223 406; x_wconf 92' lang='lat' dir='ltr'>olet</span> <span class='ocrx_word' id='word_1_41' title='bbox 1257 373 1295 406; x_wconf 92' lang='lat' dir='ltr'>et</span> <span class='ocrx_word' id='word_1_42' title='bbox 1328 371 1482 407; x_wconf 91' lang='lat' dir='ltr'>saniem</span> 
     </span>
     <span class='ocr_line' id='line_1_6' title="bbox 125 423 1537 471; baseline -0.002 -10"><span class='ocrx_word' id='word_1_43' title='bbox 125 435 311 471; x_wconf 88' lang='lat' dir='ltr'>spurcam</span> <span class='ocrx_word' id='word_1_44' title='bbox 338 424 472 465; x_wconf 66' lang='lat' dir='ltr'>mittin</span> <span class='ocrx_word' id='word_1_45' title='bbox 499 424 614 460; x_wconf 91' lang='lat' dir='ltr'>albus</span> <span class='ocrx_word' id='word_1_46' title='bbox 641 423 876 468; x_wconf 89' lang='lat' dir='ltr'>purulentus</span> <span class='ocrx_word' id='word_1_47' title='bbox 904 427 973 465; x_wconf 88' lang='lat' dir='ltr'>est,</span> <span class='ocrx_word' id='word_1_48' title='bbox 995 424 1068 459; x_wconf 89' lang='lat' dir='ltr'>sed</span> <span class='ocrx_word' id='word_1_49' title='bbox 1093 424 1298 459; x_wconf 75' lang='lat' dir='ltr'>fistulosus</span> <span class='ocrx_word' id='word_1_50' title='bbox 1326 427 1364 459; x_wconf 92' lang='lat' dir='ltr'>et</span> <span class='ocrx_word' id='word_1_51' title='bbox 1391 425 1482 460; x_wconf 86' lang='lat' dir='ltr'>sub-</span> <span class='ocrx_word' id='word_1_52' title='bbox 1519 431 1537 458; x_wconf 89' lang='lat'><strong>5</strong></span> 
     </span>
     <span class='ocr_line' id='line_1_7' title="bbox 123 476 1530 524; baseline -0.002 -9"><span class='ocrx_word' id='word_1_53' title='bbox 123 482 188 515; x_wconf 91' lang='lat' dir='ltr'>tus</span> <span class='ocrx_word' id='word_1_54' title='bbox 214 481 406 524; x_wconf 85' lang='lat' dir='ltr'>suppurat</span> <span class='ocrx_word' id='word_1_55' title='bbox 425 478 500 514; x_wconf 92' lang='lat' dir='ltr'>sub</span> <span class='ocrx_word' id='word_1_56' title='bbox 522 487 652 513; x_wconf 90' lang='lat' dir='ltr'>carne.</span> <span class='ocrx_word' id='word_1_57' title='bbox 691 477 731 512; x_wconf 91' lang='lat' dir='ltr'>in</span> <span class='ocrx_word' id='word_1_58' title='bbox 752 487 800 512; x_wconf 91' lang='lat' dir='ltr'>ea</span> <span class='ocrx_word' id='word_1_59' title='bbox 821 477 988 513; x_wconf 89' lang='lat' dir='ltr'>vulnera</span> <span class='ocrx_word' id='word_1_60' title='bbox 1009 477 1177 513; x_wconf 90' lang='lat' dir='ltr'>huiusce</span> <span class='ocrx_word' id='word_1_61' title='bbox 1199 478 1309 513; x_wconf 93' lang='lat' dir='ltr'>modi</span> <span class='ocrx_word' id='word_1_62' title='bbox 1330 476 1481 523; x_wconf 87' lang='lat' dir='ltr'>te[t]ras</span> <span class='ocrx_word' id='word_1_63' title='bbox 1507 477 1530 511; x_wconf 87' lang='grc'>4</span> 
     </span>
     <span class='ocr_line' id='line_1_8' title="bbox 125 530 1482 575; baseline -0.002 -6"><span class='ocrx_word' id='word_1_64' title='bbox 125 532 412 575; x_wconf 83' lang='lat' dir='ltr'>brassica&lt;m&gt;,</span> <span class='ocrx_word' id='word_1_65' title='bbox 439 541 582 567; x_wconf 87' lang='lat' dir='ltr'>sanum</span> <span class='ocrx_word' id='word_1_66' title='bbox 618 530 754 566; x_wconf 79' lang='lat' dir='ltr'>faciet:</span> <span class='ocrx_word' id='word_1_67' title='bbox 794 531 945 575; x_wconf 87' lang='lat' dir='ltr'>optima</span> <span class='ocrx_word' id='word_1_68' title='bbox 985 534 1044 566; x_wconf 90' lang='lat' dir='ltr'>est</span> <span class='ocrx_word' id='word_1_69' title='bbox 1083 532 1134 566; x_wconf 92' lang='lat' dir='ltr'>ad</span> <span class='ocrx_word' id='word_1_70' title='bbox 1169 531 1338 567; x_wconf 90' lang='lat' dir='ltr'>huiusce</span> <span class='ocrx_word' id='word_1_71' title='bbox 1372 532 1482 567; x_wconf 91' lang='lat' dir='ltr'>modi</span> 
     </span>
     <span class='ocr_line' id='line_1_9' title="bbox 125 583 1482 630; baseline -0.001 -9"><span class='ocrx_word' id='word_1_72' title='bbox 125 585 282 621; x_wconf 90' lang='lat' dir='ltr'>vulnus.</span> <span class='ocrx_word' id='word_1_73' title='bbox 334 587 373 621; x_wconf 91' lang='lat' dir='ltr'>et</span> <span class='ocrx_word' id='word_1_74' title='bbox 398 585 577 620; x_wconf 86' lang='lat' dir='ltr'>luxatum</span> <span class='ocrx_word' id='word_1_75' title='bbox 604 583 736 629; x_wconf 91' lang='lat' dir='ltr'>siquid</span> <span class='ocrx_word' id='word_1_76' title='bbox 764 586 833 624; x_wconf 86' lang='lat' dir='ltr'>est,</span> <span class='ocrx_word' id='word_1_77' title='bbox 861 584 922 620; x_wconf 93' lang='lat' dir='ltr'>bis</span> <span class='ocrx_word' id='word_1_78' title='bbox 950 584 1015 620; x_wconf 93' lang='lat' dir='ltr'>die</span> <span class='ocrx_word' id='word_1_79' title='bbox 1043 594 1148 630; x_wconf 92' lang='lat' dir='ltr'>aqua</span> <span class='ocrx_word' id='word_1_80' title='bbox 1175 584 1306 620; x_wconf 90' lang='lat' dir='ltr'>calida</span> <span class='ocrx_word' id='word_1_81' title='bbox 1333 585 1482 629; x_wconf 72' lang='lat' dir='ltr'>foveto,</span> 
     </span>
     <span class='ocr_line' id='line_1_10' title="bbox 126 637 1481 683; baseline -0.001 -8"><span class='ocrx_word' id='word_1_82' title='bbox 126 639 345 675; x_wconf 88' lang='lat' dir='ltr'>brassicam</span> <span class='ocrx_word' id='word_1_83' title='bbox 376 638 506 674; x_wconf 88' lang='lat' dir='ltr'>tritam</span> <span class='ocrx_word' id='word_1_84' title='bbox 540 637 751 683; x_wconf 88' lang='lat' dir='ltr'>opponito,</span> <span class='ocrx_word' id='word_1_85' title='bbox 792 637 870 673; x_wconf 91' lang='lat' dir='ltr'>cito</span> <span class='ocrx_word' id='word_1_86' title='bbox 903 647 1046 673; x_wconf 91' lang='lat' dir='ltr'>sanum</span> <span class='ocrx_word' id='word_1_87' title='bbox 1078 638 1214 674; x_wconf 83' lang='lat' dir='ltr'>faciet:</span> <span class='ocrx_word' id='word_1_88' title='bbox 1248 638 1309 674; x_wconf 90' lang='lat' dir='ltr'>bis</span> <span class='ocrx_word' id='word_1_89' title='bbox 1343 639 1409 674; x_wconf 90' lang='lat' dir='ltr'>die</span> <span class='ocrx_word' id='word_1_90' title='bbox 1442 639 1481 673; x_wconf 90' lang='lat' dir='ltr'>id</span> 
     </span>
     <span class='ocr_line' id='line_1_11' title="bbox 127 691 1536 738; baseline -0.001 -9"><span class='ocrx_word' id='word_1_91' title='bbox 127 692 334 738; x_wconf 88' lang='lat' dir='ltr'>opponito,</span> <span class='ocrx_word' id='word_1_92' title='bbox 357 692 517 728; x_wconf 91' lang='lat' dir='ltr'>dolores</span> <span class='ocrx_word' id='word_1_93' title='bbox 538 691 700 727; x_wconf 80' lang='lat' dir='ltr'>auferet.</span> <span class='ocrx_word' id='word_1_94' title='bbox 741 695 779 727; x_wconf 92' lang='lat' dir='ltr'>et</span> <span class='ocrx_word' id='word_1_95' title='bbox 799 692 931 737; x_wconf 91' lang='lat' dir='ltr'>siquid</span> <span class='ocrx_word' id='word_1_96' title='bbox 953 695 1166 728; x_wconf 89' lang='lat' dir='ltr'>contusum</span> <span class='ocrx_word' id='word_1_97' title='bbox 1188 694 1258 733; x_wconf 89' lang='lat' dir='ltr'>est,</span> <span class='ocrx_word' id='word_1_98' title='bbox 1280 695 1480 737; x_wconf 90' lang='lat' dir='ltr'>erumpet:</span> <span class='ocrx_word' id='word_1_99' title='bbox 1505 697 1536 724; x_wconf 85' lang='lat'>10</span> 
     </span>
     <span class='ocr_line' id='line_1_12' title="bbox 126 745 1482 790; baseline -0.001 -8"><span class='ocrx_word' id='word_1_100' title='bbox 126 746 344 782; x_wconf 90' lang='lat' dir='ltr'>brassicam</span> <span class='ocrx_word' id='word_1_101' title='bbox 369 745 500 780; x_wconf 89' lang='lat' dir='ltr'>tritam</span> <span class='ocrx_word' id='word_1_102' title='bbox 528 745 735 790; x_wconf 92' lang='lat' dir='ltr'>opponito,</span> <span class='ocrx_word' id='word_1_103' title='bbox 757 755 899 780; x_wconf 91' lang='lat' dir='ltr'>sanum</span> <span class='ocrx_word' id='word_1_104' title='bbox 920 745 1049 781; x_wconf 78' lang='lat' dir='ltr'>faciet.</span> <span class='ocrx_word' id='word_1_105' title='bbox 1078 748 1115 780; x_wconf 89' lang='lat' dir='ltr'>et</span> <span class='ocrx_word' id='word_1_106' title='bbox 1136 745 1269 790; x_wconf 88' lang='lat' dir='ltr'>siquid</span> <span class='ocrx_word' id='word_1_107' title='bbox 1291 746 1330 780; x_wconf 90' lang='lat' dir='ltr'>in</span> <span class='ocrx_word' id='word_1_108' title='bbox 1358 755 1482 780; x_wconf 84' lang='lat' dir='ltr'>mam·</span> 
     </span>
     <span class='ocr_line' id='line_1_13' title="bbox 127 799 1481 844; baseline -0.001 -9"><span class='ocrx_word' id='word_1_109' title='bbox 127 799 202 835; x_wconf 91' lang='lat' dir='ltr'>mis</span> <span class='ocrx_word' id='word_1_110' title='bbox 228 799 372 835; x_wconf 90' lang='lat' dir='ltr'>ulceris</span> <span class='ocrx_word' id='word_1_111' title='bbox 391 801 529 833; x_wconf 90' lang='lat' dir='ltr'>natum</span> <span class='ocrx_word' id='word_1_112' title='bbox 551 801 590 834; x_wconf 92' lang='lat' dir='ltr'>et</span> <span class='ocrx_word' id='word_1_113' title='bbox 616 799 855 839; x_wconf 81' lang='lat' dir='ltr'>carcinoma.</span> <span class='ocrx_word' id='word_1_114' title='bbox 883 799 1101 834; x_wconf 87' lang='lat' dir='ltr'>brassicam</span> <span class='ocrx_word' id='word_1_115' title='bbox 1122 799 1252 834; x_wconf 90' lang='lat' dir='ltr'>tritam</span> <span class='ocrx_word' id='word_1_116' title='bbox 1274 799 1481 844; x_wconf 91' lang='lat' dir='ltr'>opponito,</span> 
     </span>
     <span class='ocr_line' id='line_1_14' title="bbox 126 850 1528 896; baseline -0.002 -8"><span class='ocrx_word' id='word_1_117' title='bbox 126 862 269 888; x_wconf 91' lang='lat' dir='ltr'>sanum</span> <span class='ocrx_word' id='word_1_118' title='bbox 294 851 424 887; x_wconf 82' lang='lat' dir='ltr'>faciet.</span> <span class='ocrx_word' id='word_1_119' title='bbox 464 854 502 886; x_wconf 88' lang='lat' dir='ltr'>et</span> <span class='ocrx_word' id='word_1_120' title='bbox 528 851 560 886; x_wconf 92' lang='lat' dir='ltr'>si</span> <span class='ocrx_word' id='word_1_121' title='bbox 588 851 701 887; x_wconf 92' lang='lat' dir='ltr'>ulcus</span> <span class='ocrx_word' id='word_1_122' title='bbox 728 852 990 888; x_wconf 88' lang='lat' dir='ltr'>acrimoniam</span> <span class='ocrx_word' id='word_1_123' title='bbox 1018 851 1104 887; x_wconf 93' lang='lat' dir='ltr'>eius</span> <span class='ocrx_word' id='word_1_124' title='bbox 1131 851 1231 886; x_wconf 75' lang='lat' dir='ltr'>ferre</span> <span class='ocrx_word' id='word_1_125' title='bbox 1258 861 1340 887; x_wconf 93' lang='lat' dir='ltr'>non</span> <span class='ocrx_word' id='word_1_126' title='bbox 1367 855 1478 896; x_wconf 88' lang='lat' dir='ltr'>pote·</span> <span class='ocrx_word' id='word_1_127' title='bbox 1506 850 1528 884; x_wconf 87' lang='grc'>5</span> 
     </span>
     <span class='ocr_line' id='line_1_15' title="bbox 126 904 1482 950; baseline 0 -9"><span class='ocrx_word' id='word_1_128' title='bbox 126 906 184 947; x_wconf 89' lang='lat' dir='ltr'>rit,</span> <span class='ocrx_word' id='word_1_129' title='bbox 208 905 376 941; x_wconf 78' lang='lat' dir='ltr'>farinam</span> <span class='ocrx_word' id='word_1_130' title='bbox 403 904 732 950; x_wconf 85' lang='lat' dir='ltr'>&lt;h&gt;ordeaceam</span> <span class='ocrx_word' id='word_1_131' title='bbox 760 905 945 946; x_wconf 85' lang='lat' dir='ltr'>misceto,</span> <span class='ocrx_word' id='word_1_132' title='bbox 973 905 1027 940; x_wconf 91' lang='lat' dir='ltr'>ita</span> <span class='ocrx_word' id='word_1_133' title='bbox 1054 905 1261 950; x_wconf 81' lang='lat' dir='ltr'>opponito,</span> <span class='ocrx_word' id='word_1_134' title='bbox 1313 905 1482 941; x_wconf 91' lang='lat' dir='ltr'>huiusce</span> 
     </span>
     <span class='ocr_line' id='line_1_16' title="bbox 125 958 1536 1003; baseline 0 -9"><span class='ocrx_word' id='word_1_135' title='bbox 125 959 237 995; x_wconf 90' lang='lat' dir='ltr'>modi</span> <span class='ocrx_word' id='word_1_136' title='bbox 270 959 404 994; x_wconf 88' lang='lat' dir='ltr'>ulcera</span> <span class='ocrx_word' id='word_1_137' title='bbox 436 958 573 994; x_wconf 88' lang='lat' dir='ltr'>omnia</span> <span class='ocrx_word' id='word_1_138' title='bbox 603 958 704 994; x_wconf 90' lang='lat' dir='ltr'>haec</span> <span class='ocrx_word' id='word_1_139' title='bbox 737 969 835 994; x_wconf 90' lang='lat' dir='ltr'>sana</span> <span class='ocrx_word' id='word_1_140' title='bbox 861 959 996 1000; x_wconf 80' lang='lat' dir='ltr'>faciet,</span> <span class='ocrx_word' id='word_1_141' title='bbox 1024 959 1133 1003; x_wconf 94' lang='lat' dir='ltr'>quod</span> <span class='ocrx_word' id='word_1_142' title='bbox 1167 959 1275 994; x_wconf 90' lang='lat' dir='ltr'>aliud</span> <span class='ocrx_word' id='word_1_143' title='bbox 1303 959 1479 995; x_wconf 87' lang='lat' dir='ltr'>medica·</span> <span class='ocrx_word' id='word_1_144' title='bbox 1504 964 1536 990; x_wconf 87' lang='lat'>15</span> 
     </span>
     <span class='ocr_line' id='line_1_17' title="bbox 127 1012 1483 1057; baseline 0 -9"><span class='ocrx_word' id='word_1_145' title='bbox 127 1015 307 1049; x_wconf 88' lang='lat' dir='ltr'>mentum</span> <span class='ocrx_word' id='word_1_146' title='bbox 345 1012 477 1047; x_wconf 87' lang='lat' dir='ltr'>facere</span> <span class='ocrx_word' id='word_1_147' title='bbox 515 1021 597 1047; x_wconf 91' lang='lat' dir='ltr'>non</span> <span class='ocrx_word' id='word_1_148' title='bbox 635 1015 768 1056; x_wconf 90' lang='lat' dir='ltr'>potest</span> <span class='ocrx_word' id='word_1_149' title='bbox 803 1021 937 1057; x_wconf 91' lang='lat' dir='ltr'>neque</span> <span class='ocrx_word' id='word_1_150' title='bbox 976 1022 1159 1057; x_wconf 88' lang='lat' dir='ltr'>purgare.</span> <span class='ocrx_word' id='word_1_151' title='bbox 1212 1015 1250 1047; x_wconf 92' lang='lat' dir='ltr'>et</span> <span class='ocrx_word' id='word_1_152' title='bbox 1282 1022 1407 1057; x_wconf 89' lang='lat' dir='ltr'>puero</span> <span class='ocrx_word' id='word_1_153' title='bbox 1445 1016 1483 1048; x_wconf 88' lang='lat' dir='ltr'>et</span> 
     </span>
     <span class='ocr_line' id='line_1_18' title="bbox 126 1064 1480 1111; baseline 0 -10"><span class='ocrx_word' id='word_1_154' title='bbox 126 1066 288 1111; x_wconf 87' lang='lat' dir='ltr'>puellae</span> <span class='ocrx_word' id='word_1_155' title='bbox 314 1065 347 1101; x_wconf 91' lang='lat' dir='ltr'>si</span> <span class='ocrx_word' id='word_1_156' title='bbox 374 1065 488 1100; x_wconf 89' lang='lat' dir='ltr'>ulcus</span> <span class='ocrx_word' id='word_1_157' title='bbox 515 1064 586 1100; x_wconf 90' lang='lat' dir='ltr'>erit</span> <span class='ocrx_word' id='word_1_158' title='bbox 612 1065 781 1101; x_wconf 91' lang='lat' dir='ltr'>huiusce</span> <span class='ocrx_word' id='word_1_159' title='bbox 808 1066 929 1106; x_wconf 91' lang='lat' dir='ltr'>modi,</span> <span class='ocrx_word' id='word_1_160' title='bbox 956 1066 1123 1100; x_wconf 80' lang='lat' dir='ltr'>farinam</span> <span class='ocrx_word' id='word_1_161' title='bbox 1152 1065 1480 1110; x_wconf 80' lang='lat' dir='ltr'>&lt;h&gt;ordeaceam</span> 
     </span>
     <span class='ocr_line' id='line_1_19' title="bbox 125 1118 1481 1155; baseline 0.001 -1"><span class='ocrx_word' id='word_1_162' title='bbox 125 1119 275 1155; x_wconf 90' lang='lat' dir='ltr'>addito.</span> <span class='ocrx_word' id='word_1_163' title='bbox 328 1121 367 1154; x_wconf 90' lang='lat' dir='ltr'>et</span> <span class='ocrx_word' id='word_1_164' title='bbox 404 1118 437 1154; x_wconf 91' lang='lat' dir='ltr'>si</span> <span class='ocrx_word' id='word_1_165' title='bbox 474 1118 589 1154; x_wconf 86' lang='lat' dir='ltr'>voles</span> <span class='ocrx_word' id='word_1_166' title='bbox 629 1128 718 1154; x_wconf 91' lang='lat' dir='ltr'>eam</span> <span class='ocrx_word' id='word_1_167' title='bbox 758 1121 989 1155; x_wconf 89' lang='lat' dir='ltr'>consectam</span> <span class='ocrx_word' id='word_1_168' title='bbox 1028 1119 1178 1154; x_wconf 89' lang='lat' dir='ltr'>lautam</span> <span class='ocrx_word' id='word_1_169' title='bbox 1212 1119 1361 1155; x_wconf 91' lang='lat' dir='ltr'>siccam</span> <span class='ocrx_word' id='word_1_170' title='bbox 1397 1119 1481 1155; x_wconf 89' lang='lat' dir='ltr'>sale</span> 
     </span>
     <span class='ocr_line' id='line_1_20' title="bbox 125 1169 1529 1217; baseline -0.001 -9"><span class='ocrx_word' id='word_1_171' title='bbox 125 1175 242 1208; x_wconf 90' lang='lat' dir='ltr'>aceto</span> <span class='ocrx_word' id='word_1_172' title='bbox 269 1181 449 1217; x_wconf 87' lang='lat' dir='ltr'>sparsam</span> <span class='ocrx_word' id='word_1_173' title='bbox 477 1181 577 1213; x_wconf 86' lang='lat' dir='ltr'>esse,</span> <span class='ocrx_word' id='word_1_174' title='bbox 604 1172 802 1207; x_wconf 91' lang='lat' dir='ltr'>salubrius</span> <span class='ocrx_word' id='word_1_175' title='bbox 828 1172 927 1207; x_wconf 92' lang='lat' dir='ltr'>nihil</span> <span class='ocrx_word' id='word_1_176' title='bbox 954 1175 1024 1207; x_wconf 91' lang='lat' dir='ltr'>est.</span> <span class='ocrx_word' id='word_1_177' title='bbox 1063 1182 1143 1217; x_wconf 91' lang='lat' dir='ltr'>quo</span> <span class='ocrx_word' id='word_1_178' title='bbox 1170 1172 1360 1208; x_wconf 90' lang='lat' dir='ltr'>libentius</span> <span class='ocrx_word' id='word_1_179' title='bbox 1383 1172 1480 1214; x_wconf 86' lang='lat' dir='ltr'>edis,</span> <span class='ocrx_word' id='word_1_180' title='bbox 1506 1169 1529 1203; x_wconf 87' lang='grc'>6</span> 
     </span>
     <span class='ocr_line' id='line_1_21' title="bbox 124 1225 1535 1271; baseline -0.001 -10"><span class='ocrx_word' id='word_1_181' title='bbox 124 1229 242 1262; x_wconf 89' lang='lat' dir='ltr'>aceto</span> <span class='ocrx_word' id='word_1_182' title='bbox 270 1225 400 1261; x_wconf 90' lang='lat' dir='ltr'>mulso</span> <span class='ocrx_word' id='word_1_183' title='bbox 427 1225 621 1271; x_wconf 87' lang='lat' dir='ltr'>spargito:</span> <span class='ocrx_word' id='word_1_184' title='bbox 653 1225 803 1261; x_wconf 90' lang='lat' dir='ltr'>lautam</span> <span class='ocrx_word' id='word_1_185' title='bbox 830 1225 978 1261; x_wconf 90' lang='lat' dir='ltr'>siccam</span> <span class='ocrx_word' id='word_1_186' title='bbox 1007 1228 1045 1260; x_wconf 88' lang='lat' dir='ltr'>et</span> <span class='ocrx_word' id='word_1_187' title='bbox 1071 1227 1199 1260; x_wconf 93' lang='lat' dir='ltr'>rutam</span> <span class='ocrx_word' id='word_1_188' title='bbox 1226 1225 1480 1261; x_wconf 89' lang='lat' dir='ltr'>coriandrum</span> <span class='ocrx_word' id='word_1_189' title='bbox 1500 1229 1535 1256; x_wconf 88' lang='lat'>20</span> 
     </span>
     <span class='ocr_line' id='line_1_22' title="bbox 126 1279 1482 1324; baseline -0.001 -9"><span class='ocrx_word' id='word_1_190' title='bbox 126 1282 278 1315; x_wconf 92' lang='lat' dir='ltr'>sectam</span> <span class='ocrx_word' id='word_1_191' title='bbox 311 1279 395 1315; x_wconf 90' lang='lat' dir='ltr'>sale</span> <span class='ocrx_word' id='word_1_192' title='bbox 421 1289 601 1324; x_wconf 89' lang='lat' dir='ltr'>sparsam</span> <span class='ocrx_word' id='word_1_193' title='bbox 627 1279 748 1324; x_wconf 90' lang='lat' dir='ltr'>paulo</span> <span class='ocrx_word' id='word_1_194' title='bbox 781 1279 970 1314; x_wconf 90' lang='lat' dir='ltr'>libentius</span> <span class='ocrx_word' id='word_1_195' title='bbox 1004 1279 1113 1314; x_wconf 89' lang='lat' dir='ltr'>edes.</span> <span class='ocrx_word' id='word_1_196' title='bbox 1164 1279 1205 1314; x_wconf 92' lang='lat' dir='ltr'>id</span> <span class='ocrx_word' id='word_1_197' title='bbox 1231 1279 1338 1314; x_wconf 88' lang='lat' dir='ltr'>bene</span> <span class='ocrx_word' id='word_1_198' title='bbox 1363 1279 1482 1315; x_wconf 82' lang='lat' dir='ltr'>faciet</span> 
     </span>
     <span class='ocr_line' id='line_1_23' title="bbox 126 1332 1481 1378; baseline -0.001 -10"><span class='ocrx_word' id='word_1_199' title='bbox 126 1335 166 1368; x_wconf 87' lang='lat' dir='ltr'>et</span> <span class='ocrx_word' id='word_1_200' title='bbox 191 1332 286 1368; x_wconf 90' lang='lat' dir='ltr'>mali</span> <span class='ocrx_word' id='word_1_201' title='bbox 312 1332 410 1368; x_wconf 91' lang='lat' dir='ltr'>nihil</span> <span class='ocrx_word' id='word_1_202' title='bbox 442 1332 547 1368; x_wconf 91' lang='lat' dir='ltr'>sinet</span> <span class='ocrx_word' id='word_1_203' title='bbox 579 1332 618 1367; x_wconf 92' lang='lat' dir='ltr'>in</span> <span class='ocrx_word' id='word_1_204' title='bbox 652 1342 818 1378; x_wconf 91' lang='lat' dir='ltr'>corpore</span> <span class='ocrx_word' id='word_1_205' title='bbox 852 1332 1071 1368; x_wconf 90' lang='lat' dir='ltr'>consistere</span> <span class='ocrx_word' id='word_1_206' title='bbox 1105 1335 1143 1367; x_wconf 91' lang='lat' dir='ltr'>et</span> <span class='ocrx_word' id='word_1_207' title='bbox 1169 1332 1304 1367; x_wconf 92' lang='lat' dir='ltr'>alvum</span> <span class='ocrx_word' id='word_1_208' title='bbox 1331 1333 1481 1368; x_wconf 87' lang='lat' dir='ltr'>bonam</span> 
     </span>
     <span class='ocr_line' id='line_1_24' title="bbox 125 1385 1482 1431; baseline -0.001 -9"><span class='ocrx_word' id='word_1_209' title='bbox 125 1386 256 1422; x_wconf 79' lang='lat' dir='ltr'>faciet.</span> <span class='ocrx_word' id='word_1_210' title='bbox 306 1386 439 1431; x_wconf 91' lang='lat' dir='ltr'>siquid</span> <span class='ocrx_word' id='word_1_211' title='bbox 472 1388 591 1421; x_wconf 88' lang='lat' dir='ltr'>antea</span> <span class='ocrx_word' id='word_1_212' title='bbox 618 1386 712 1421; x_wconf 89' lang='lat' dir='ltr'>mali</span> <span class='ocrx_word' id='word_1_213' title='bbox 738 1386 844 1421; x_wconf 91' lang='lat' dir='ltr'>intus</span> <span class='ocrx_word' id='word_1_214' title='bbox 872 1386 959 1427; x_wconf 89' lang='lat' dir='ltr'>erit,</span> <span class='ocrx_word' id='word_1_215' title='bbox 988 1385 1124 1421; x_wconf 91' lang='lat' dir='ltr'>omnia</span> <span class='ocrx_word' id='word_1_216' title='bbox 1160 1395 1259 1421; x_wconf 89' lang='lat' dir='ltr'>sana</span> <span class='ocrx_word' id='word_1_217' title='bbox 1285 1385 1415 1427; x_wconf 83' lang='lat' dir='ltr'>faciet,</span> <span class='ocrx_word' id='word_1_218' title='bbox 1444 1388 1482 1420; x_wconf 86' lang='lat' dir='ltr'>et</span> 
     </span>
     <span class='ocr_line' id='line_1_25' title="bbox 124 1439 1481 1486; baseline -0.001 -11"><span class='ocrx_word' id='word_1_219' title='bbox 124 1440 179 1475; x_wconf 91' lang='lat' dir='ltr'>de</span> <span class='ocrx_word' id='word_1_220' title='bbox 205 1439 336 1486; x_wconf 86' lang='lat' dir='ltr'>capite</span> <span class='ocrx_word' id='word_1_221' title='bbox 363 1442 401 1475; x_wconf 91' lang='lat' dir='ltr'>et</span> <span class='ocrx_word' id='word_1_222' title='bbox 422 1440 473 1475; x_wconf 92' lang='lat' dir='ltr'>de</span> <span class='ocrx_word' id='word_1_223' title='bbox 494 1439 620 1475; x_wconf 91' lang='lat' dir='ltr'>oculis</span> <span class='ocrx_word' id='word_1_224' title='bbox 642 1439 777 1474; x_wconf 91' lang='lat' dir='ltr'>omnia</span> <span class='ocrx_word' id='word_1_225' title='bbox 799 1440 974 1475; x_wconf 89' lang='lat' dir='ltr'>deducet</span> <span class='ocrx_word' id='word_1_226' title='bbox 996 1442 1034 1474; x_wconf 90' lang='lat' dir='ltr'>et</span> <span class='ocrx_word' id='word_1_227' title='bbox 1055 1449 1199 1474; x_wconf 90' lang='lat' dir='ltr'>sanum</span> <span class='ocrx_word' id='word_1_228' title='bbox 1220 1439 1349 1474; x_wconf 84' lang='lat' dir='ltr'>faciet.</span> <span class='ocrx_word' id='word_1_229' title='bbox 1377 1439 1481 1474; x_wconf 90' lang='lat' dir='ltr'>hanc</span> 
     </span>
     <span class='ocr_line' id='line_1_26' title="bbox 127 1489 1529 1538; baseline 0 -10"><span class='ocrx_word' id='word_1_230' title='bbox 127 1502 246 1528; x_wconf 91' lang='lat' dir='ltr'>mane</span> <span class='ocrx_word' id='word_1_231' title='bbox 273 1502 363 1528; x_wconf 87' lang='lat' dir='ltr'>esse</span> <span class='ocrx_word' id='word_1_232' title='bbox 389 1494 546 1538; x_wconf 85' lang='lat' dir='ltr'>oportet</span> <span class='ocrx_word' id='word_1_233' title='bbox 572 1492 763 1529; x_wconf 89' lang='lat' dir='ltr'>ieiunum.</span> <span class='ocrx_word' id='word_1_234' title='bbox 803 1496 841 1528; x_wconf 89' lang='lat' dir='ltr'>et</span> <span class='ocrx_word' id='word_1_235' title='bbox 868 1493 900 1529; x_wconf 91' lang='lat' dir='ltr'>si</span> <span class='ocrx_word' id='word_1_236' title='bbox 921 1493 1011 1528; x_wconf 91' lang='lat' dir='ltr'>bilis</span> <span class='ocrx_word' id='word_1_237' title='bbox 1033 1495 1115 1527; x_wconf 90' lang='lat' dir='ltr'>atra</span> <span class='ocrx_word' id='word_1_238' title='bbox 1143 1495 1202 1528; x_wconf 92' lang='lat' dir='ltr'>est</span> <span class='ocrx_word' id='word_1_239' title='bbox 1230 1496 1267 1528; x_wconf 87' lang='lat' dir='ltr'>et</span> <span class='ocrx_word' id='word_1_240' title='bbox 1294 1493 1327 1528; x_wconf 94' lang='lat' dir='ltr'>si</span> <span class='ocrx_word' id='word_1_241' title='bbox 1353 1493 1481 1528; x_wconf 90' lang='lat' dir='ltr'>lienes</span> <span class='ocrx_word' id='word_1_242' title='bbox 1507 1489 1529 1524; x_wconf 88' lang='grc'>7</span> 
     </span>
     <span class='ocr_line' id='line_1_27' title="bbox 125 1545 1536 1592; baseline 0.001 -11"><span class='ocrx_word' id='word_1_243' title='bbox 125 1548 286 1591; x_wconf 82' lang='lat' dir='ltr'>turgent</span> <span class='ocrx_word' id='word_1_244' title='bbox 313 1548 351 1581; x_wconf 90' lang='lat' dir='ltr'>et</span> <span class='ocrx_word' id='word_1_245' title='bbox 377 1545 410 1580; x_wconf 90' lang='lat' dir='ltr'>si</span> <span class='ocrx_word' id='word_1_246' title='bbox 437 1554 505 1581; x_wconf 92' lang='lat' dir='ltr'>cor</span> <span class='ocrx_word' id='word_1_247' title='bbox 531 1545 640 1581; x_wconf 90' lang='lat' dir='ltr'>dolet</span> <span class='ocrx_word' id='word_1_248' title='bbox 667 1548 705 1581; x_wconf 91' lang='lat' dir='ltr'>et</span> <span class='ocrx_word' id='word_1_249' title='bbox 731 1546 764 1582; x_wconf 91' lang='lat' dir='ltr'>si</span> <span class='ocrx_word' id='word_1_250' title='bbox 790 1547 900 1582; x_wconf 91' lang='lat' dir='ltr'>iecur</span> <span class='ocrx_word' id='word_1_251' title='bbox 933 1549 1000 1581; x_wconf 87' lang='lat' dir='ltr'>aut</span> <span class='ocrx_word' id='word_1_252' title='bbox 1033 1546 1247 1590; x_wconf 89' lang='lat' dir='ltr'>pulmones</span> <span class='ocrx_word' id='word_1_253' title='bbox 1275 1549 1341 1581; x_wconf 90' lang='lat' dir='ltr'>aut</span> <span class='ocrx_word' id='word_1_254' title='bbox 1368 1555 1480 1592; x_wconf 86' lang='lat' dir='ltr'>prae·</span> <span class='ocrx_word' id='word_1_255' title='bbox 1500 1549 1536 1577; x_wconf 84' lang='lat'>26</span> 
     </span>
     <span class='ocr_line' id='line_1_28' title="bbox 124 1597 1481 1644; baseline -0.001 -9"><span class='ocrx_word' id='word_1_256' title='bbox 124 1598 274 1640; x_wconf 87' lang='lat' dir='ltr'>cordia,</span> <span class='ocrx_word' id='word_1_257' title='bbox 302 1608 382 1634; x_wconf 90' lang='lat' dir='ltr'>uno</span> <span class='ocrx_word' id='word_1_258' title='bbox 408 1599 534 1634; x_wconf 88' lang='lat' dir='ltr'>verbo</span> <span class='ocrx_word' id='word_1_259' title='bbox 562 1599 697 1634; x_wconf 90' lang='lat' dir='ltr'>omnia</span> <span class='ocrx_word' id='word_1_260' title='bbox 724 1609 822 1635; x_wconf 89' lang='lat' dir='ltr'>sana</span> <span class='ocrx_word' id='word_1_261' title='bbox 847 1599 966 1635; x_wconf 81' lang='lat' dir='ltr'>faciet</span> <span class='ocrx_word' id='word_1_262' title='bbox 994 1597 1060 1644; x_wconf 91' lang='lat' dir='ltr'>[et]</span> <span class='ocrx_word' id='word_1_263' title='bbox 1089 1599 1191 1635; x_wconf 90' lang='lat' dir='ltr'>intro</span> <span class='ocrx_word' id='word_1_264' title='bbox 1213 1609 1318 1644; x_wconf 89' lang='lat' dir='ltr'>quae</span> <span class='ocrx_word' id='word_1_265' title='bbox 1340 1600 1481 1635; x_wconf 86' lang='lat' dir='ltr'>dolita-</span> 
     </span>
     <span class='ocr_line' id='line_1_29' title="bbox 125 1651 1480 1697; baseline 0 -9"><span class='ocrx_word' id='word_1_266' title='bbox 125 1653 235 1688; x_wconf 89' lang='lat' dir='ltr'>bunt.</span> <span class='ocrx_word' id='word_1_267' title='bbox 275 1652 421 1688; x_wconf 90' lang='lat' dir='ltr'>eodem</span> <span class='ocrx_word' id='word_1_268' title='bbox 448 1651 608 1697; x_wconf 91' lang='lat' dir='ltr'>silpium</span> <span class='ocrx_word' id='word_1_269' title='bbox 635 1652 817 1694; x_wconf 89' lang='lat' dir='ltr'>inradito‚</span> <span class='ocrx_word' id='word_1_270' title='bbox 839 1653 991 1688; x_wconf 92' lang='lat' dir='ltr'>bonum</span> <span class='ocrx_word' id='word_1_271' title='bbox 1020 1656 1089 1688; x_wconf 89' lang='lat' dir='ltr'>est.</span> <span class='ocrx_word' id='word_1_272' title='bbox 1118 1663 1211 1688; x_wconf 90' lang='lat' dir='ltr'>nam</span> <span class='ocrx_word' id='word_1_273' title='bbox 1238 1663 1370 1688; x_wconf 87' lang='lat' dir='ltr'>venae</span> <span class='ocrx_word' id='word_1_274' title='bbox 1397 1663 1480 1689; x_wconf 88' lang='lat' dir='ltr'>om-</span> 
     </span>
     <span class='ocr_line' id='line_1_30' title="bbox 125 1705 1480 1751; baseline 0.001 -11"><span class='ocrx_word' id='word_1_275' title='bbox 125 1715 199 1740; x_wconf 85' lang='lat' dir='ltr'>nes</span> <span class='ocrx_word' id='word_1_276' title='bbox 232 1705 299 1740; x_wconf 92' lang='lat' dir='ltr'>ubi</span> <span class='ocrx_word' id='word_1_277' title='bbox 332 1705 514 1740; x_wconf 78' lang='lat' dir='ltr'>sufflatae</span> <span class='ocrx_word' id='word_1_278' title='bbox 546 1708 638 1740; x_wconf 92' lang='lat' dir='ltr'>sunt</span> <span class='ocrx_word' id='word_1_279' title='bbox 671 1715 720 1741; x_wconf 84' lang='lat' dir='ltr'>ex</span> <span class='ocrx_word' id='word_1_280' title='bbox 748 1706 856 1747; x_wconf 88' lang='lat' dir='ltr'>cibo,</span> <span class='ocrx_word' id='word_1_281' title='bbox 882 1715 965 1741; x_wconf 91' lang='lat' dir='ltr'>non</span> <span class='ocrx_word' id='word_1_282' title='bbox 997 1708 1165 1750; x_wconf 89' lang='lat' dir='ltr'>possunt</span> <span class='ocrx_word' id='word_1_283' title='bbox 1192 1706 1415 1751; x_wconf 91' lang='lat' dir='ltr'>perspirare</span> <span class='ocrx_word' id='word_1_284' title='bbox 1441 1707 1480 1741; x_wconf 93' lang='lat' dir='ltr'>in</span> 
     </span>
     <span class='ocr_line' id='line_1_31' title="bbox 125 1758 1535 1804; baseline 0.001 -10"><span class='ocrx_word' id='word_1_285' title='bbox 125 1761 211 1794; x_wconf 88' lang='lat' dir='ltr'>toto</span> <span class='ocrx_word' id='word_1_286' title='bbox 244 1768 426 1803; x_wconf 89' lang='lat' dir='ltr'>corpore:</span> <span class='ocrx_word' id='word_1_287' title='bbox 460 1758 554 1794; x_wconf 93' lang='lat' dir='ltr'>inde</span> <span class='ocrx_word' id='word_1_288' title='bbox 587 1759 709 1804; x_wconf 88' lang='lat' dir='ltr'>aliqui</span> <span class='ocrx_word' id='word_1_289' title='bbox 742 1760 906 1795; x_wconf 90' lang='lat' dir='ltr'>morbus</span> <span class='ocrx_word' id='word_1_290' title='bbox 931 1759 1124 1800; x_wconf 81' lang='lat' dir='ltr'>nascitur.</span> <span class='ocrx_word' id='word_1_291' title='bbox 1176 1759 1244 1794; x_wconf 91' lang='lat' dir='ltr'>ubi</span> <span class='ocrx_word' id='word_1_292' title='bbox 1272 1769 1322 1794; x_wconf 88' lang='lat' dir='ltr'>ex</span> <span class='ocrx_word' id='word_1_293' title='bbox 1355 1759 1479 1796; x_wconf 90' lang='lat' dir='ltr'>multo</span> <span class='ocrx_word' id='word_1_294' title='bbox 1500 1763 1535 1790; x_wconf 87' lang='lat'>30</span> 
     </span>
     <span class='ocr_line' id='line_1_32' title="bbox 125 1811 1480 1857; baseline 0.001 -11"><span class='ocrx_word' id='word_1_295' title='bbox 125 1812 218 1847; x_wconf 89' lang='lat' dir='ltr'>cibo</span> <span class='ocrx_word' id='word_1_296' title='bbox 252 1811 366 1847; x_wconf 90' lang='lat' dir='ltr'>alvus</span> <span class='ocrx_word' id='word_1_297' title='bbox 392 1821 473 1847; x_wconf 91' lang='lat' dir='ltr'>non</span> <span class='ocrx_word' id='word_1_298' title='bbox 501 1812 539 1852; x_wconf 88' lang='lat' dir='ltr'>it,</span> <span class='ocrx_word' id='word_1_299' title='bbox 566 1821 638 1857; x_wconf 92' lang='lat' dir='ltr'>pro</span> <span class='ocrx_word' id='word_1_300' title='bbox 665 1812 848 1857; x_wconf 88' lang='lat' dir='ltr'>portione</span> <span class='ocrx_word' id='word_1_301' title='bbox 883 1812 1060 1848; x_wconf 91' lang='lat' dir='ltr'>brassica</span> <span class='ocrx_word' id='word_1_302' title='bbox 1087 1812 1119 1847; x_wconf 93' lang='lat' dir='ltr'>si</span> <span class='ocrx_word' id='word_1_303' title='bbox 1147 1812 1280 1853; x_wconf 89' lang='lat' dir='ltr'>uteris,</span> <span class='ocrx_word' id='word_1_304' title='bbox 1307 1813 1347 1848; x_wconf 95' lang='lat' dir='ltr'>id</span> <span class='ocrx_word' id='word_1_305' title='bbox 1375 1816 1416 1848; x_wconf 90' lang='lat' dir='ltr'>ut</span> <span class='ocrx_word' id='word_1_306' title='bbox 1441 1816 1480 1848; x_wconf 84' lang='lat' dir='ltr'>te</span> 
     </span>
    </p>
   </div>
   <div class='ocr_carea' id='block_1_3' title="bbox 126 1967 1481 2392">
    <p class='ocr_par' dir='ltr' id='par_1_3' title="bbox 126 1967 1481 2392">
     <span class='ocr_line' id='line_1_33' title="bbox 177 1967 1478 2010; baseline 0.001 -8"><span class='ocrx_word' id='word_1_307' title='bbox 177 1970 193 2002; x_wconf 94' lang='lat'>1</span> <span class='ocrx_word' id='word_1_308' title='bbox 216 1971 304 2002; x_wconf 87' lang='lat' dir='ltr'>add.</span> <span class='ocrx_word' id='word_1_309' title='bbox 319 1979 342 2001; x_wconf 90' lang='lat' dir='ltr'>v</span> <span class='ocrx_word' id='word_1_310' title='bbox 356 1967 677 2008; x_wconf 89' lang='lat' dir='ltr'>(medicamentum</span> <span class='ocrx_word' id='word_1_311' title='bbox 699 1970 830 2010; x_wconf 84' lang='lat' dir='ltr'>aliud);</span> <span class='ocrx_word' id='word_1_312' title='bbox 849 1971 894 2010; x_wconf 82' lang='lat' dir='ltr'>cf.</span> <span class='ocrx_word' id='word_1_313' title='bbox 911 1975 949 2002; x_wconf 88' lang='lat'>15</span> <span class='ocrx_word' id='word_1_314' title='bbox 968 1967 979 2010; x_wconf 82' lang='grc' dir='ltr'>ΙΙ</span> <span class='ocrx_word' id='word_1_315' title='bbox 999 1971 1019 2003; x_wconf 87' lang='grc'><strong>3</strong></span> <span class='ocrx_word' id='word_1_316' title='bbox 1036 1972 1163 2009; x_wconf 87' lang='lat' dir='ltr'>ponito</span> <span class='ocrx_word' id='word_1_317' title='bbox 1180 1970 1274 2003; x_wconf 88' lang='lat' dir='ltr'>Abc</span> <span class='ocrx_word' id='word_1_318' title='bbox 1297 1972 1478 2010; x_wconf 89' lang='lat' dir='ltr'>imponito</span> 
     </span>
     <span class='ocr_line' id='line_1_34' title="bbox 126 2015 1478 2058; baseline 0.001 -9"><span class='ocrx_word' id='word_1_319' title='bbox 126 2017 179 2050; x_wconf 73' lang='lat' dir='ltr'>vi</span> <span class='ocrx_word' id='word_1_320' title='bbox 198 2015 209 2057; x_wconf 78' lang='grc' dir='ltr'>Ν</span> <span class='ocrx_word' id='word_1_321' title='bbox 229 2017 250 2049; x_wconf 91' lang='grc'><strong>6</strong></span> <span class='ocrx_word' id='word_1_322' title='bbox 277 2018 429 2050; x_wconf 87' lang='lat' dir='ltr'>huiusce</span> <span class='ocrx_word' id='word_1_323' title='bbox 455 2019 554 2050; x_wconf 91' lang='lat' dir='ltr'>modi</span> <span class='ocrx_word' id='word_1_324' title='bbox 581 2019 651 2050; x_wconf 84' lang='lat' dir='ltr'>del.</span> <span class='ocrx_word' id='word_1_325' title='bbox 676 2018 776 2056; x_wconf 91' lang='lat' dir='ltr'>Keil‚·</span> <span class='ocrx_word' id='word_1_326' title='bbox 803 2021 845 2050; x_wconf 73' lang='lat' dir='ltr'>at</span> <span class='ocrx_word' id='word_1_327' title='bbox 870 2019 914 2058; x_wconf 85' lang='lat' dir='ltr'>cf.</span> <span class='ocrx_word' id='word_1_328' title='bbox 944 2022 982 2049; x_wconf 73' lang='grc'>14</span> <span class='ocrx_word' id='word_1_329' title='bbox 1003 2020 1040 2050; x_wconf 86' lang='lat' dir='ltr'>et</span> <span class='ocrx_word' id='word_1_330' title='bbox 1060 2022 1099 2049; x_wconf 91' lang='grc'>17</span> <span class='ocrx_word' id='word_1_331' title='bbox 1120 2015 1125 2058; x_wconf 91' lang='grc' dir='ltr'>Ι</span> <span class='ocrx_word' id='word_1_332' title='bbox 1157 2021 1252 2050; x_wconf 90' lang='lat' dir='ltr'>teras</span> <span class='ocrx_word' id='word_1_333' title='bbox 1279 2028 1297 2050; x_wconf 88' lang='lat' dir='ltr'>e</span> <span class='ocrx_word' id='word_1_334' title='bbox 1324 2020 1478 2051; x_wconf 73' lang='lat' dir='ltr'>conieci.</span> 
     </span>
     <span class='ocr_line' id='line_1_35' title="bbox 128 2063 1479 2105; baseline 0.001 -9"><span class='ocrx_word' id='word_1_335' title='bbox 128 2065 206 2097; x_wconf 86' lang='lat' dir='ltr'>Pol.</span> <span class='ocrx_word' id='word_1_336' title='bbox 233 2068 342 2103; x_wconf 79' lang='lat' dir='ltr'>tetras</span> <span class='ocrx_word' id='word_1_337' title='bbox 372 2063 384 2105; x_wconf 87' lang='grc' dir='ltr'>ΙΙ</span> <span class='ocrx_word' id='word_1_338' title='bbox 413 2065 432 2096; x_wconf 91' lang='grc'>7</span> <span class='ocrx_word' id='word_1_339' title='bbox 459 2067 548 2098; x_wconf 84' lang='lat' dir='ltr'>add.</span> <span class='ocrx_word' id='word_1_340' title='bbox 574 2075 598 2097; x_wconf 91' lang='lat' dir='ltr'>v</span> <span class='ocrx_word' id='word_1_341' title='bbox 634 2063 645 2104; x_wconf 89' lang='grc' dir='ltr'>ΙΙ</span> <span class='ocrx_word' id='word_1_342' title='bbox 683 2065 704 2097; x_wconf 93' lang='grc'>8</span> <span class='ocrx_word' id='word_1_343' title='bbox 731 2066 853 2105; x_wconf 90' lang='lat' dir='ltr'>siquid</span> <span class='ocrx_word' id='word_1_344' title='bbox 879 2066 958 2097; x_wconf 85' lang='lat' dir='ltr'>Keil</span> <span class='ocrx_word' id='word_1_345' title='bbox 985 2066 1120 2105; x_wconf 90' lang='lat' dir='ltr'>siquod</span> <span class='ocrx_word' id='word_1_346' title='bbox 1145 2063 1312 2104; x_wconf 79' lang='lat' dir='ltr'>(tutatur</span> <span class='ocrx_word' id='word_1_347' title='bbox 1336 2066 1479 2098; x_wconf 82' lang='lat' dir='ltr'>Hauler</span> 
     </span>
     <span class='ocr_line' id='line_1_36' title="bbox 126 2109 1480 2153; baseline 0.001 -10"><span class='ocrx_word' id='word_1_348' title='bbox 126 2122 164 2151; x_wconf 82' lang='lat' dir='ltr'>p.</span> <span class='ocrx_word' id='word_1_349' title='bbox 183 2111 239 2151; x_wconf 86' lang='lat'>26)</span> <span class='ocrx_word' id='word_1_350' title='bbox 264 2109 269 2151; x_wconf 95' lang='grc'>1</span> <span class='ocrx_word' id='word_1_351' title='bbox 292 2114 330 2144; x_wconf 88' lang='lat' dir='ltr'>in</span> <span class='ocrx_word' id='word_1_352' title='bbox 356 2113 416 2145; x_wconf 92' lang='lat' dir='ltr'>die</span> <span class='ocrx_word' id='word_1_353' title='bbox 434 2112 535 2151; x_wconf 89' lang='lat' dir='ltr'>Keil‚·</span> <span class='ocrx_word' id='word_1_354' title='bbox 561 2114 605 2153; x_wconf 84' lang='lat' dir='ltr'>cf.</span> <span class='ocrx_word' id='word_1_355' title='bbox 623 2114 744 2153; x_wconf 84' lang='lat' dir='ltr'>praef.</span> <span class='ocrx_word' id='word_1_356' title='bbox 764 2111 776 2152; x_wconf 82' lang='grc' dir='ltr'>Η</span> <span class='ocrx_word' id='word_1_357' title='bbox 797 2113 818 2144; x_wconf 89' lang='grc'>9</span> <span class='ocrx_word' id='word_1_358' title='bbox 844 2114 881 2144; x_wconf 92' lang='lat' dir='ltr'>in</span> <span class='ocrx_word' id='word_1_359' title='bbox 903 2113 962 2145; x_wconf 88' lang='lat' dir='ltr'>die</span> <span class='ocrx_word' id='word_1_360' title='bbox 982 2113 1062 2145; x_wconf 88' lang='lat' dir='ltr'>Keil</span> <span class='ocrx_word' id='word_1_361' title='bbox 1081 2110 1092 2152; x_wconf 87' lang='grc' dir='ltr'>ΙΙ</span> <span class='ocrx_word' id='word_1_362' title='bbox 1115 2113 1157 2145; x_wconf 89' lang='grc'>14</span> <span class='ocrx_word' id='word_1_363' title='bbox 1183 2113 1427 2146; x_wconf 89' lang='lat' dir='ltr'>hordeaceam</span> <span class='ocrx_word' id='word_1_364' title='bbox 1449 2114 1480 2145; x_wconf 94' lang='lat' dir='ltr'>V</span> 
     </span>
     <span class='ocr_line' id='line_1_37' title="bbox 129 2158 1471 2201; baseline 0.001 -10"><span class='ocrx_word' id='word_1_365' title='bbox 129 2160 348 2192; x_wconf 88' lang='lat' dir='ltr'>ordeaceam</span> <span class='ocrx_word' id='word_1_366' title='bbox 375 2169 507 2200; x_wconf 76' lang='lat' dir='ltr'>apoyr.</span> <span class='ocrx_word' id='word_1_367' title='bbox 536 2158 548 2200; x_wconf 80' lang='lat' dir='ltr'>H</span> <span class='ocrx_word' id='word_1_368' title='bbox 579 2161 692 2193; x_wconf 86' lang='lat'>14.15</span> <span class='ocrx_word' id='word_1_369' title='bbox 719 2161 873 2192; x_wconf 88' lang='lat' dir='ltr'>huiusce</span> <span class='ocrx_word' id='word_1_370' title='bbox 900 2160 999 2192; x_wconf 90' lang='lat' dir='ltr'>modi</span> <span class='ocrx_word' id='word_1_371' title='bbox 1026 2169 1160 2201; x_wconf 76' lang='lat' dir='ltr'>apoyr.</span> <span class='ocrx_word' id='word_1_372' title='bbox 1187 2160 1398 2193; x_wconf 87' lang='lat' dir='ltr'>huiusmodi</span> <span class='ocrx_word' id='word_1_373' title='bbox 1419 2160 1471 2196; x_wconf 66' lang='lat' dir='ltr'>V,</span> 
     </span>
     <span class='ocr_line' id='line_1_38' title="bbox 132 2205 1480 2248; baseline 0 -10"><span class='ocrx_word' id='word_1_374' title='bbox 132 2206 174 2238; x_wconf 91' lang='lat'>15</span> <span class='ocrx_word' id='word_1_375' title='bbox 201 2215 292 2239; x_wconf 88' lang='lat' dir='ltr'>sana</span> <span class='ocrx_word' id='word_1_376' title='bbox 317 2216 342 2239; x_wconf 95' lang='lat' dir='ltr'>v</span> <span class='ocrx_word' id='word_1_377' title='bbox 366 2216 496 2239; x_wconf 87' lang='lat' dir='ltr'>sanum</span> <span class='ocrx_word' id='word_1_378' title='bbox 528 2205 539 2247; x_wconf 85' lang='grc' dir='ltr'>ΙΙ</span> <span class='ocrx_word' id='word_1_379' title='bbox 573 2208 616 2240; x_wconf 89' lang='grc'>16</span> <span class='ocrx_word' id='word_1_380' title='bbox 641 2216 764 2247; x_wconf 87' lang='lat' dir='ltr'>neque</span> <span class='ocrx_word' id='word_1_381' title='bbox 790 2217 923 2248; x_wconf 74' lang='lat' dir='ltr'>apoyr.</span> <span class='ocrx_word' id='word_1_382' title='bbox 951 2209 987 2240; x_wconf 85' lang='lat' dir='ltr'>et</span> <span class='ocrx_word' id='word_1_383' title='bbox 1017 2207 1102 2241; x_wconf 78' lang='lat' dir='ltr'>vict.</span> <span class='ocrx_word' id='word_1_384' title='bbox 1129 2216 1198 2240; x_wconf 89' lang='lat' dir='ltr'>nec</span> <span class='ocrx_word' id='word_1_385' title='bbox 1223 2208 1256 2241; x_wconf 93' lang='lat' dir='ltr'>V</span> <span class='ocrx_word' id='word_1_386' title='bbox 1275 2206 1286 2248; x_wconf 82' lang='grc' dir='ltr'>ΙΙ</span> <span class='ocrx_word' id='word_1_387' title='bbox 1305 2208 1350 2241; x_wconf 90' lang='grc'>23</span> <span class='ocrx_word' id='word_1_388' title='bbox 1376 2208 1480 2240; x_wconf 79' lang='lat' dir='ltr'>fuerit</span> 
     </span>
     <span class='ocr_line' id='line_1_39' title="bbox 130 2252 1481 2297; baseline 0 -11"><span class='ocrx_word' id='word_1_389' title='bbox 130 2254 210 2286; x_wconf 83' lang='lat' dir='ltr'>Keil</span> <span class='ocrx_word' id='word_1_390' title='bbox 227 2252 240 2294; x_wconf 96' lang='grc' dir='ltr'>ΙΙ</span> <span class='ocrx_word' id='word_1_391' title='bbox 259 2254 302 2286; x_wconf 88' lang='grc'>27</span> <span class='ocrx_word' id='word_1_392' title='bbox 330 2254 440 2287; x_wconf 75' lang='lat' dir='ltr'>faciet</span> <span class='ocrx_word' id='word_1_393' title='bbox 465 2258 501 2287; x_wconf 91' lang='lat' dir='ltr'>et</span> <span class='ocrx_word' id='word_1_394' title='bbox 526 2252 628 2294; x_wconf 78' lang='lat' dir='ltr'>(facit</span> <span class='ocrx_word' id='word_1_395' title='bbox 652 2258 688 2287; x_wconf 89' lang='lat' dir='ltr'>et</span> <span class='ocrx_word' id='word_1_396' title='bbox 713 2255 884 2297; x_wconf 31' lang='lat' dir='ltr'>V1iaciet</span> <span class='ocrx_word' id='word_1_397' title='bbox 909 2257 945 2286; x_wconf 89' lang='lat' dir='ltr'>et</span> <span class='ocrx_word' id='word_1_398' title='bbox 971 2264 1104 2296; x_wconf 75' lang='lat' dir='ltr'>apoyr.</span> <span class='ocrx_word' id='word_1_399' title='bbox 1131 2255 1240 2288; x_wconf 78' lang='lat' dir='ltr'>faciet</span> <span class='ocrx_word' id='word_1_400' title='bbox 1270 2252 1391 2296; x_wconf 87' lang='lat' dir='ltr'>Vict.):</span> <span class='ocrx_word' id='word_1_401' title='bbox 1419 2256 1481 2287; x_wconf 79' lang='lat' dir='ltr'>ubi</span> 
     </span>
     <span class='ocr_line' id='line_1_40' title="bbox 127 2299 1481 2342; baseline 0.001 -9"><span class='ocrx_word' id='word_1_402' title='bbox 127 2301 215 2334; x_wconf 70' lang='lat' dir='ltr'>facit</span> <span class='ocrx_word' id='word_1_403' title='bbox 240 2303 334 2334; x_wconf 87' lang='lat' dir='ltr'>intro</span> <span class='ocrx_word' id='word_1_404' title='bbox 360 2302 432 2334; x_wconf 83' lang='lat' dir='ltr'>luc.</span> <span class='ocrx_word' id='word_1_405' title='bbox 459 2305 495 2334; x_wconf 89' lang='lat' dir='ltr'>et</span> <span class='ocrx_word' id='word_1_406' title='bbox 521 2304 671 2334; x_wconf 80' lang='lat' dir='ltr'>tutatur</span> <span class='ocrx_word' id='word_1_407' title='bbox 696 2302 838 2334; x_wconf 83' lang='lat' dir='ltr'>Hauler</span> <span class='ocrx_word' id='word_1_408' title='bbox 861 2312 898 2342; x_wconf 86' lang='grc' dir='ltr'>ρ.</span> <span class='ocrx_word' id='word_1_409' title='bbox 919 2306 962 2334; x_wconf 81' lang='grc'>26</span> <span class='ocrx_word' id='word_1_410' title='bbox 991 2301 1002 2341; x_wconf 87' lang='grc' dir='ltr'>ΙΙ</span> <span class='ocrx_word' id='word_1_411' title='bbox 1034 2302 1078 2335; x_wconf 87' lang='grc'>30</span> <span class='ocrx_word' id='word_1_412' title='bbox 1104 2303 1192 2335; x_wconf 90' lang='lat' dir='ltr'>inde</span> <span class='ocrx_word' id='word_1_413' title='bbox 1227 2303 1339 2342; x_wconf 87' lang='lat' dir='ltr'>aliqui</span> <span class='ocrx_word' id='word_1_414' title='bbox 1367 2299 1481 2340; x_wconf 89' lang='lat' dir='ltr'>(unde</span> 
     </span>
     <span class='ocr_line' id='line_1_41' title="bbox 126 2345 1480 2392; baseline 0.001 -12"><span class='ocrx_word' id='word_1_415' title='bbox 126 2348 263 2388; x_wconf 85' lang='lat' dir='ltr'>aliquis</span> <span class='ocrx_word' id='word_1_416' title='bbox 290 2349 322 2381; x_wconf 89' lang='lat' dir='ltr'>V</span> <span class='ocrx_word' id='word_1_417' title='bbox 347 2349 434 2381; x_wconf 88' lang='lat' dir='ltr'>inde</span> <span class='ocrx_word' id='word_1_418' title='bbox 461 2350 571 2389; x_wconf 89' lang='lat' dir='ltr'>aliqui</span> <span class='ocrx_word' id='word_1_419' title='bbox 599 2358 732 2389; x_wconf 75' lang='lat' dir='ltr'>apoyr.</span> <span class='ocrx_word' id='word_1_420' title='bbox 759 2352 795 2381; x_wconf 81' lang='lat' dir='ltr'>et</span> <span class='ocrx_word' id='word_1_421' title='bbox 813 2347 915 2388; x_wconf 78' lang='lat' dir='ltr'>Vict.)</span> <span class='ocrx_word' id='word_1_422' title='bbox 936 2348 947 2389; x_wconf 85' lang='grc' dir='ltr'>ΙΙ</span> <span class='ocrx_word' id='word_1_423' title='bbox 974 2350 1015 2382; x_wconf 85' lang='grc'>31</span> <span class='ocrx_word' id='word_1_424' title='bbox 1045 2350 1081 2381; x_wconf 92' lang='lat' dir='ltr'>id</span> <span class='ocrx_word' id='word_1_425' title='bbox 1108 2352 1147 2382; x_wconf 93' lang='lat' dir='ltr'>ut</span> <span class='ocrx_word' id='word_1_426' title='bbox 1172 2345 1221 2392; x_wconf 89' lang='lat' dir='ltr'>te]</span> <span class='ocrx_word' id='word_1_427' title='bbox 1249 2351 1298 2382; x_wconf 91' lang='lat' dir='ltr'>ita</span> <span class='ocrx_word' id='word_1_428' title='bbox 1324 2351 1374 2381; x_wconf 86' lang='lat' dir='ltr'>uti</span> <span class='ocrx_word' id='word_1_429' title='bbox 1401 2350 1480 2382; x_wconf 88' lang='lat' dir='ltr'>Keil</span> 
     </span>
    </p>
   </div>
  </div>
 </body>
</html>
