1618 2470
104 31 160 70 36
700 22 862 59 Catonis

104 132 159 167 uti
194 131 350 167 radices
387 130 559 175 capiant,
595 131 762 166 calicem
798 130 1045 174 pertundito:
1083 140 1153 175 per
1187 131 1354 165 fundum
1386 135 1456 165 aut

104 185 267 229 qualum
294 194 460 225 ramum,
489 193 609 228 quem
637 183 813 218 radicem
842 192 986 228 capere
1012 184 1139 224 voles,
1160 184 1334 219 traicito:
1361 193 1453 219 eum

104 238 268 284 qualum
301 240 369 273 aut
402 237 568 272 calicem
601 240 703 273 terra
738 237 890 281 inpleto
924 236 1160 281 calcatoque
1186 237 1303 277 bene,
1330 237 1369 271 in
1396 247 1455 272 ar-

104 290 273 337 bore[m]
311 290 536 335 relinquito.
587 290 655 325 ubi
690 290 844 326 bimum
876 290 1002 331 fuerit,
1039 299 1193 324 ramum
1226 291 1301 326 sub
1334 290 1456 335 qualo

56 344 78 379 2
105 345 337 390 praecidito.
383 344 547 389 qualum
574 344 741 379 incidito
769 353 818 378 ex
846 343 926 377 ima
953 346 1065 388 parte
1092 346 1342 388 perpetuum,
1369 343 1456 378 sive

68 406 86 432 6
106 398 209 434 calix
231 398 313 439 erit,
335 400 616 442 conquassato.
651 407 741 432 cum
765 406 814 432 eo
836 397 955 441 qualo
977 399 1045 431 aut
1066 397 1192 431 calice
1212 397 1251 431 in
1273 397 1456 432 scrobem

106 452 256 496 ponito.
303 451 449 487 eodem
477 451 600 486 modo
627 450 750 485 vitem
777 450 908 490 facito,
937 459 1026 485 earn
1055 459 1162 485 anno
1189 454 1280 495 post
1306 450 1456 495 praecil

106 505 189 541 dito
216 505 420 549 seritoque
447 513 536 539 cum
565 503 696 548 qualo.
734 504 811 538 hoc
838 504 960 538 modo
988 503 1098 548 quod
1124 512 1255 548 genus
1281 503 1343 538 vis
1369 513 1456 548 pro-

106 558 290 604 pagabis.

36 610 130 656 LIII]
182 611 374 652 Faenum,
414 611 482 646 ubi
517 613 676 655 tempus
713 611 796 651 erit,
832 613 968 645 secato
1005 614 1232 655 cavetoque
1273 619 1323 645 ne
1369 618 1457 645 sero

55 674 85 699 11
108 675 234 700 seces.
286 665 519 710 priusquam
553 673 692 699 semen
729 666 928 698 maturum
965 664 1051 705 siet,
1088 666 1238 704 secato,
1276 665 1315 698 et
1351 663 1458 707 quod

108 718 305 763 optimum
337 718 500 753 faenum
529 718 616 758 erit,
644 726 825 752 seorsum
859 717 1034 758 condito,
1061 727 1131 762 per
1160 727 1230 752 ver
1257 727 1347 752 cum
1377 726 1458 752 ara-

108 772 218 812 bunt,
246 773 463 816 antequam
491 771 653 806 ocinum
681 770 764 812 des,
793 771 902 815 quod
930 770 1039 805 edint
1066 769 1263 814 <boves>.

38 823 149 869 LIIII]
202 824 340 860 Bubus
372 824 565 868 pabulum
593 825 670 859 hoc
698 824 821 859 modo
848 824 976 868 parari
999 824 1165 869 darique
1185 827 1353 868 oportet.
1391 823 1459 859 ubi

58 886 91 912 15
111 877 324 913 sementim
351 877 583 922 patraveris,
610 877 802 922 glandem
829 877 958 921 parari
985 877 1148 922 legique
1173 881 1330 922 oportet
1357 881 1395 913 et
1421 877 1460 911 in

110 941 257 976 aquam
285 930 426 967 conici.
479 931 573 966 inde
600 930 807 966 semodios
833 930 1003 976 singulis
1038 931 1169 966 bubus
1197 930 1236 965 in
1264 931 1351 966 dies
1377 930 1460 965 dari

112 986 279 1030 oportet,
316 987 355 1019 et
390 984 423 1019 si
459 994 540 1020 non
573 984 829 1024 laborabunt,
866 986 1081 1027 pascantur
1116 983 1240 1018 satius
1277 983 1359 1025 erit,
1395 987 1461 1018 aut

112 1038 293 1074 modium
320 1037 593 1078 vinaceorum,
621 1047 722 1082 quos
749 1037 789 1072 in
817 1037 970 1073 dolium
999 1036 1240 1072 condideris.
1291 1036 1466 1071 interdiu

64 1091 85 1125 2
112 1091 278 1136 pascito,
305 1093 426 1127 noctu
454 1091 560 1126 faeni
588 1098 622 1127 Ρ,
642 1098 733 1125 XXV
760 1090 828 1125 uni
858 1090 954 1126 bovi
982 1090 1087 1125 dato.
1134 1090 1166 1125 si
1193 1091 1355 1126 faenum
1381 1099 1463 1126 non

59 1152 93 1179 20
114 1145 196 1186 erit,
222 1145 405 1180 frondem
427 1144 620 1189 iligneam
642 1146 681 1179 et
700 1143 958 1179 hederaciam
981 1144 1086 1179 dato.
1125 1144 1264 1188 paleas
1289 1143 1465 1179 triticeas

115 1201 152 1233 et
178 1198 439 1239 hordeaceas,
467 1207 564 1233 acus
596 1197 842 1242 fabaginum,
871 1196 893 1241 <
900 1195 979 1240 de>
1007 1197 1111 1233 vicia
1137 1197 1203 1232 vel
1230 1198 1281 1232 de
1313 1197 1465 1241 lupino,

114 1244 294 1287 item'de
327 1251 470 1286 ceteris
500 1251 693 1296 frugibus,
725 1251 862 1286 omnia
895 1250 1070 1286 condito.
1122 1260 1212 1286 cum
1249 1252 1466 1285 stramenta

118 1305 281 1345 condes,
308 1314 413 1349 quae
446 1304 734 1340 herbosissima
767 1307 891 1344 erunt,
919 1304 958 1339 in
991 1306 1098 1340 tecto
1127 1304 1289 1340 condito
1318 1306 1356 1339 et
1382 1303 1466 1339 sale

67 1358 89 1392 3
115 1358 305 1403 spargito,
333 1357 482 1392 deinde
504 1367 551 1392 ea
573 1367 644 1402 pro
664 1358 783 1393 faeno
805 1358 910 1393 dato.
951 1358 1018 1392 ubi
1045 1367 1171 1393 verno
1199 1358 1295 1392 dare
1321 1366 1466 1402 coepe-

61 1419 96 1445 25
116 1411 178 1452 ris,
206 1411 387 1447 modium
415 1411 575 1456 glandis
602 1413 669 1446 aut
696 1411 956 1446 vinaceorum
985 1411 1079 1446 dato
1107 1413 1175 1446 aut
1202 1410 1383 1446 modium
1408 1410 1468 1445 lu-

116 1464 199 1510 pini
226 1464 416 1499 macerati
445 1466 483 1499 et
503 1464 609 1499 faeni
630 1471 664 1499 P.
685 1471 755 1498 xv.
795 1463 862 1498 ubi
884 1463 1047 1499 ocinum
1075 1463 1362 1508 tempestivum
1384 1463 1467 1503 erit,

116 1518 210 1553 dato
231 1517 414 1562 primum.
466 1517 652 1552 manibus
674 1517 836 1561 carpito,
858 1517 898 1551 id
918 1520 1166 1552 renascetur:
1194 1517 1303 1562 quod
1323 1516 1467 1552 falcula

68 1572 90 1605 4
117 1570 304 1611 secueris,
320 1580 401 1606 non
422 1572 663 1606 renascetur.
691 1579 819 1615 usque
837 1571 999 1606 ocinum
1021 1571 1127 1611 dato,
1144 1571 1275 1605 donec
1295 1572 1465 1605 arescat:

118 1624 171 1659 ita
196 1625 432 1668 temperato.
482 1626 625 1668 postea
656 1623 803 1658 viciam
836 1624 948 1664 dato,
975 1626 1118 1668 postea
1144 1623 1333 1668 panicum
1361 1623 1467 1663 dato,

63 1685 98 1711 30
118 1677 342 1712 secundum
369 1676 558 1721 panicum
585 1677 767 1712 frondem
802 1677 978 1712 ulmeam
1006 1677 1111 1712 dato.
1162 1676 1194 1712 si
1221 1676 1468 1721 populneam

118 1730 299 1771 habebis,
326 1729 561 1771 admisceto,
589 1732 630 1765 ut
656 1730 817 1765 ulmeae
843 1730 939 1765 satis
966 1730 1052 1766 siet.
1088 1730 1155 1765 ubi
1182 1730 1360 1765 ulmeam
1386 1739 1467 1765 non

70 1785 93 1818 5
119 1783 300 1824 habebis,
321 1792 540 1827 querneam
562 1785 601 1818 et
620 1782 835 1818 ficulneam
857 1784 963 1820 dato.
1003 1783 1101 1818 nihil
1123 1785 1183 1819 est
1209 1783 1318 1828 quod
1339 1783 1470 1828 magis

121 1835 321 1880 expediat,
342 1846 462 1881 quam
483 1836 612 1872 boves
631 1836 738 1872 bene
758 1846 906 1872 curare.
944 1837 1073 1872 boves
1093 1836 1169 1872 nisi
1191 1846 1261 1881 per
1280 1836 1469 1877 hiemem,

122 1899 212 1924 cum
238 1899 320 1924 non
347 1889 527 1930 arabunt,
554 1889 665 1934 pasci
692 1899 773 1925 non
810 1892 978 1934 oportet.
1029 1899 1123 1924 nam
1149 1888 1350 1934 viride[m]
1378 1899 1467 1925 cum

172 1983 186 2011 l
215 1982 265 2012 uti
280 1990 324 2014 ex
338 1985 408 2020 133,
421 1985 442 2013 3
455 1982 536 2014 Keil
549 1983 611 2013 ubi
634 1979 639 2021 Ι
663 1991 726 2021 per
739 1982 890 2014 fundum
902 1977 1142 2023 <pertusum>
1159 1982 1259 2019 Keil,·
1273 1982 1318 2021 cf.
1329 1981 1470 2013 Haaler

119 2039 156 2068 J).
173 2026 241 2067 161}
261 2028 281 2061 3
308 2030 346 2060 In
372 2030 500 2061 arbore
513 2029 594 2061 Keil
620 2038 663 2062 ex
689 2033 793 2068 133,3
818 2031 856 2061 in
882 2030 1045 2061 arborem
1075 2026 1086 2068 ΙΙ
1112 2030 1133 2068 4
1160 2029 1295 2060 bimum
1322 2029 1403 2060 Keil
1428 2036 1472 2060 ex

126 2080 192 2113 133,
206 2079 227 2107 3
253 2077 302 2107 ita
321 2073 332 2115 Η
352 2076 372 2107 5
393 2084 439 2108 ex
458 2077 532 2108 ima
544 2077 793 2109 Rottboellius
807 2085 853 2108 ex
866 2086 940 2108 una
963 2075 968 2115 Ι
990 2078 1070 2109 siue
1090 2077 1183 2109 calix
1203 2073 1250 2115 (si
1269 2084 1356 2107 uero
1377 2074 1471 2107 calix

122 2122 169 2162 V)
190 2119 201 2162 ΙΙ
220 2122 241 2154 6
262 2124 299 2154 in
319 2124 449 2155 scrobe
469 2133 549 2155 cum
564 2123 595 2155 V
609 2124 710 2163 Keil,·
736 2124 781 2163 cf.
794 2124 937 2156 Hauler
959 2133 996 2163 ρ.
1013 2128 1051 2155 14
1071 2121 1080 2162 [Ι
1103 2123 1146 2155 10
1166 2122 1205 2155 R.
1226 2122 1317 2155 LXII
1342 2122 1399 2154 De
1418 2122 1469 2153 fe-

124 2171 254 2202 nisicia
275 2168 280 2209 Ι
304 2169 462 2210 Cf.Plin.
477 2174 596 2209 18,260
615 2168 626 2211 Η
648 2171 690 2204 13
705 2171 807 2203 edint
817 2167 986 2212 (boves)
996 2172 1078 2203 Keil
1091 2171 1205 2203 edunt
1222 2167 1234 2210 ll
1256 2169 1298 2201 14
1313 2169 1351 2201 R.
1364 2168 1470 2201 LXIII

124 2217 249 2249 Bubus
275 2218 447 2256 pabulum
486 2215 497 2256 ll
537 2218 579 2250 15
610 2219 806 2257 patraveris
832 2219 865 2250 A
893 2219 1091 2257 prataueris
1123 2216 1134 2258 Η
1167 2217 1209 2250 18
1235 2218 1471 2249 uinaceorum

125 2274 257 2304 apoqr.
283 2265 508 2298 uinaciorum
535 2275 559 2297 v
578 2263 589 2305 ΙΙ
608 2266 650 2297 21
680 2267 768 2298 add.
795 2264 875 2297 Keil
893 2263 905 2305 ΙΙ
923 2266 969 2298 34
995 2267 1066 2298 del.
1093 2275 1115 2296 v
