1575 2470
535 516 601 568 M.
643 515 952 568 CATONIS

298 626 381 666 DE
413 626 580 666 AGRI
614 625 942 666 CVLTVRA
976 623 1178 663 LIBER

125 757 196 793 Est
226 757 428 793 interdum
462 760 672 801 praestare
705 757 943 792 mercaturis
976 766 1060 791 rem
1094 765 1301 799 quaerere.
1335 755 1410 790 nisi

66 812 148 845 tam
182 810 452 855 periculosum
487 810 552 852 sit,
585 812 626 846 et
659 810 755 845 item
790 809 981 849 fenerari,
1014 809 1048 844 si
1081 812 1162 844 tam
1198 808 1411 844 honestum
1453 817 1471 842 5

61 864 126 899 sit.
165 864 340 899 maiores
372 864 501 899 nostri
534 864 591 899 sic
622 862 847 899 habuerunt
880 865 920 898 et
950 862 1005 898 ita
1037 863 1076 897 in
1108 862 1267 906 legibus
1301 862 1410 905 posi-

64 918 220 958 verunt,
252 916 384 952 furem
418 916 532 961 dupli
567 916 839 957 condemnari,
872 916 1147 952 feneratorem
1182 914 1410 958 quadrupli.

62 971 212 1013 quanto
240 970 420 1014 peiorem
448 970 575 1006 civem
601 969 875 1005 existimarint
901 969 1175 1005 feneratorem
1205 978 1324 1012 quam
1349 967 1411 1002 fu·

65 1033 161 1064 rem,
189 1022 282 1059 hinc
310 1023 406 1059 licet
436 1024 682 1058 existimare.
712 1025 752 1058 et
784 1023 913 1058 virum
941 1022 1089 1058 bonum
1120 1031 1240 1066 quom
1271 1021 1410 1056 lauda·
1441 1021 1462 1055 2

64 1078 171 1119 bant,
198 1077 252 1113 ita
277 1077 508 1118 laudabant,
532 1077 684 1113 bonum
711 1076 931 1122 agricolam
953 1077 1187 1121 bonumque
1212 1075 1413 1111 colonum.
1437 1083 1469 1108 ιο

60 1129 313 1174 amplissime
337 1129 496 1164 laudari
520 1129 831 1165 existimabatur
856 1129 923 1173 qui
947 1130 1004 1164 ita
1030 1128 1284 1164 laudabatur.
1307 1137 1410 1163 mer·
1440 1128 1462 1162 3

62 1183 241 1218 catorem
289 1184 423 1218 autem
471 1184 678 1218 strenuum
714 1182 1020 1226 studiosumque
1056 1182 1115 1217 rei
1153 1182 1409 1225 quaerendae

58 1236 265 1277 existimo,
300 1246 452 1276 verum,
489 1238 532 1270 ut
568 1246 691 1280 supra
728 1236 825 1276 dixi,
864 1235 1135 1280 periculosum
1169 1237 1211 1271 et
1246 1234 1410 1270 calami-

63 1291 206 1324 tosum.
235 1289 278 1324 at
297 1298 348 1324 ex
372 1289 562 1333 agricolis
584 1292 624 1324 et
647 1289 724 1324 viri
744 1289 959 1324 fortissimi
981 1291 1022 1324 et
1043 1288 1192 1323 milites
1216 1289 1410 1323 strenuis·
1440 1291 1462 1322 ⁴

59 1342 153 1377 simi
189 1342 422 1386 gignuntur,
458 1343 712 1386 maximeque
750 1342 838 1386 pius
875 1344 1065 1386 quaestus
1103 1341 1469 1377 stabilissimus-15

63 1404 138 1439 que
174 1396 434 1439 consequitur
470 1396 713 1439 minimeque
751 1395 988 1436 invidiosus.
1023 1395 1266 1438 minimeque
1305 1394 1410 1429 male

62 1449 290 1495 cogitantes
316 1454 409 1485 sunt
435 1450 502 1495 qui
530 1450 570 1485 in
592 1459 642 1485 eo
663 1449 798 1485 studio
819 1449 1006 1494 occupati
1032 1452 1134 1485 sunt.
1173 1458 1280 1484 nunc
1301 1450 1343 1484 ut
1362 1449 1413 1483 ad

63 1511 146 1537 rem
171 1501 349 1544 redeam,
372 1502 480 1546 quod
506 1502 675 1547 promisi
698 1502 927 1537 institutum
955 1502 1200 1546 principium
1224 1501 1298 1537 hoc
1319 1501 1409 1536 erit.

123 1554 338 1590 Praedium
366 1565 485 1599 quom
514 1565 660 1600 parare
691 1554 904 1600 cogitabis,
932 1556 991 1590 sic
1018 1555 1058 1590 in
1086 1555 1220 1590 animo
1250 1554 1410 1594 habeto,
1438 1549 1466 1594 [l

63 1608 121 1642 uti
151 1617 200 1644 ne
232 1608 378 1653 cupide
410 1618 521 1644 ernas
552 1618 652 1644 neve
685 1618 813 1653 opera
843 1610 911 1644 tua
944 1618 1088 1653 parcas
1121 1608 1253 1643 visere
1287 1610 1328 1643 et
1359 1617 1409 1643 ne
1434 1611 1468 1637 ἓν)

58 1661 160 1696 satis
186 1661 336 1697 habeas
365 1661 490 1697 semel
518 1661 741 1697 circumire.
769 1663 954 1706 quotiens
983 1661 1073 1703 ibis,
1099 1662 1249 1697 totiens
1276 1662 1407 1704 magis

61 1713 240 1758 placebit
262 1715 368 1758 quod
391 1714 538 1750 bonum
561 1716 649 1751 erit.
680 1716 801 1750 vicini
826 1724 903 1759 quo
926 1716 1045 1759 pacto
1068 1715 1237 1755 niteant,
1260 1714 1301 1749 id
1326 1715 1410 1749 ani-

60 1776 168 1802 mum
195 1767 416 1804 advertito:
443 1768 484 1803 in
511 1767 617 1804 bona
644 1769 810 1812 regione
839 1768 940 1804 bene
966 1769 1095 1804 nitere
1122 1767 1339 1812 oportebit.
1368 1771 1409 1802 et

61 1817 178 1864 u[i]ti
206 1829 254 1856 eo
283 1821 462 1857 introeas
493 1823 533 1857 et
561 1822 876 1866 circumspicias,
907 1822 966 1856 uti
993 1821 1088 1857 inde
1117 1821 1229 1857 exire
1261 1822 1407 1865 possis.

63 1873 121 1907 uti
144 1872 292 1909 bonum
318 1874 472 1910 caelum
498 1874 657 1915 habeat,
682 1884 732 1910 ne
758 1874 1038 1910 calamitosum
1063 1875 1152 1915 siet,
1178 1873 1264 1909 solo
1292 1874 1409 1914 bono.
1434 1879 1468 1904 25

57 1936 132 1961 sua
163 1926 313 1962 virtute
345 1927 489 1963 valeat.
523 1928 557 1963 si
589 1929 757 1972 poteris,
790 1927 863 1963 sub
895 1928 1031 1963 radice
1062 1929 1211 1963 montis
1245 1928 1333 1968 siet,
1367 1928 1407 1962 in
1439 1924 1461 1958 3

59 1979 272 2015 meridiem
311 1981 479 2024 spectet,
517 1981 604 2017 loco
643 1981 807 2022 salubri,
842 1982 1124 2025 operariorum
1164 1982 1281 2025 copia
1318 1982 1408 2020 siet,

1440 1711 1461 1745 2

114 2073 129 2104 1
157 2072 244 2106 Sine
269 2075 513 2114 inscriptione
544 2071 672 2113 (Marci
704 2074 854 2107 Catonis
886 2075 994 2112 prisci
1027 2074 1073 2106 de
1099 2083 1136 2106 re
1162 2075 1296 2106 rustica
1323 2074 1413 2105 liber

62 2118 111 2158 V)
130 2117 142 2160 ΙΙ
161 2121 183 2152 4
209 2120 403 2161 Quaedam
430 2123 557 2154 deesse
583 2123 720 2155 conicit
744 2123 832 2155 Leo:
858 2123 902 2161 cf.
926 2122 1048 2161 praef.
1077 2119 1088 2161 ΙΙ
1120 2121 1152 2154 9.
1170 2121 1213 2153 10
1241 2121 1296 2161 Cf.
1316 2121 1411 2153 Plin.

64 2170 113 2205 18,
135 2171 171 2200 11
203 2165 215 2208 ΙΙ
248 2168 291 2200 14
319 2168 374 2208 Cf.
395 2169 489 2201 Plin.
510 2173 560 2207 18,
580 2173 623 2201 26
650 2166 662 2207 1ξ
697 2169 739 2201 19
765 2169 840 2202 R.1
867 2168 1065 2205 Quomodo
1092 2178 1218 2209 agrum
1248 2170 1321 2200 erni
1348 2176 1411 2207 pa-

63 2215 204 2254 rarique
229 2218 395 2254 oporteat
418 2213 424 2255 Ι
447 2215 501 2256 Cf.
521 2217 616 2248 Plin.
638 2220 686 2255 18,
706 2220 860 2254 26-29,·
881 2216 1022 2248 Colum.
1044 2220 1072 2254 1,
1092 2221 1123 2254 4,
1142 2221 1157 2247 1
1179 2213 1190 2255 ΙΙ
1210 2216 1255 2248 20
1276 2224 1412 2255 operae

61 2261 158 2293 Plin.
179 2266 228 2301 18,
248 2260 384 2302 261124
411 2264 480 2295 del.
507 2265 734 2304 apoyrapha
761 2264 941 2296 Italorum
963 2261 974 2302 Η
994 2263 1038 2295 25
1067 2263 1121 2303 Cf.
1150 2264 1244 2295 Plin.
1267 2267 1315 2300 18,
1336 2266 1376 2294 28
1402 2266 1411 2295 ιΙ

60 2308 107 2339 26
136 2308 190 2349 Cf.
209 2309 310 2342 Varr.
333 2315 360 2348 1,
385 2315 411 2348 7,
435 2315 472 2347 1,·
499 2311 592 2342 Ριῐη.
616 2315 663 2349 17,
683 2315 726 2342 36
