1618 2470
464 113 524 148 De
551 113 635 158 agri
664 113 814 148 cultura
843 122 873 147 c.
905 112 1090 146 118—129
1401 118 1460 156 53⁸

109 231 249 256 urnam
269 220 388 255 musti
410 220 645 255 contundito
668 221 822 254 murtae
843 219 1081 259 semodium,
1104 219 1143 253 id
1171 219 1351 254 oblinito.
1392 219 1457 254 ubi

110 274 299 310 desiverit
333 274 488 309 fervere
521 275 714 313 mustum,
742 275 912 307 murtam
946 272 1122 307 eximito.
1174 272 1214 307 id
1241 275 1300 308 est
1327 273 1378 307 ad
1404 274 1459 307 al-

107 338 203 363 vum
231 327 394 363 crudam
423 329 460 362 et
487 327 538 361 ad
565 326 699 361 lateris
726 326 908 361 dolorem
937 328 975 361 et
1002 326 1052 360 ad
1080 325 1316 361 coeliacum.

155 381 219 416 Ad
238 380 421 420 tormina.
443 382 482 415 et
503 380 535 415 si
556 380 670 415 alvus
697 389 778 415 non
801 379 1003 420 consistet,
1032 382 1070 414 et
1097 379 1129 414 si
1150 379 1310 414 taeniae
1362 378 1535 424 [CXXVI

109 438 148 470 et
173 433 354 470 lumbrici
376 433 534 469 molesti
563 436 687 468 erunt.
722 440 812 466 XXX
834 433 940 467 mala
961 432 1111 468 Punica
1133 433 1279 468 acerba
1300 432 1459 472 sumito,
1498 440 1515 466 5

109 487 358 529 contundito,
385 487 512 522 indito
539 486 579 522 in
607 495 771 522 urceum
799 488 837 521 et
863 486 946 521 vini
979 486 1081 531 nigri
1116 486 1263 521 austeri
1291 485 1461 531 congios

109 549 162 576 111.
213 551 286 576 vas
313 540 494 576 oblinito.
545 542 635 585 post
663 539 749 575 dies
776 547 865 573 XXX
903 539 1056 584 aperito
1093 543 1130 574 et
1158 539 1274 575 utito:
1303 539 1462 574 ieiunus

109 595 315 630 heminam
342 594 480 630 bibito.

156 648 221 683 Ad
255 647 515 692 dyspepsiam
549 650 587 682 et
620 646 884 691 stranguriam
919 646 1083 682 mederi.
1144 646 1293 681 malum
1347 644 1533 690 [CXXVII

110 701 305 737 Punicum
338 701 405 736 ubi
433 700 607 741 florebit,
641 699 853 745 conligito‚
880 699 947 735 tris
982 699 1111 735 minas
1144 700 1184 735 in
1226 699 1462 744 amphoram
1484 707 1517 733 1(-

109 755 320 795 infundit0‚
341 754 424 789 vini
445 760 486 792 Q.
507 762 518 788 1
539 754 687 789 veteris
716 753 854 788 addito
877 756 916 788 et
935 753 1097 789 feniculi
1119 753 1295 788 radicem
1323 762 1462 797 puram

111 810 321 844 contusam
354 807 517 842 minam.
570 807 738 843 oblinito
773 807 1008 852 amphoram
1044 809 1081 842 et
1114 809 1205 852 post
1245 806 1333 841 dies
1372 813 1463 840 XXX

111 862 264 907 aperito
291 864 330 897 et
357 859 516 906 utit0[r].
568 861 636 896 ubi
662 861 777 896 voles
806 861 939 896 cibum
975 870 1230 905 concoquere
1258 862 1295 895 et
1322 859 1463 895 lotium

110 915 253 956 facere,
280 914 374 950 hinc
401 914 527 950 bibito
556 916 750 959 quantum
777 914 892 950 voles
923 914 1009 949 sine
1036 914 1227 958 periculo.
1273 913 1380 948 idem
1407 913 1463 947 vi-

110 979 207 1004 num
232 967 389 1004 taenias
415 970 632 1013 perpurgat
660 970 698 1003 et
724 967 953 1008 lumbricos,
980 967 1012 1002 si
1039 967 1096 1002 sic
1123 967 1355 1002 concinnes.
1406 966 1463 1001 in-
1485 974 1521 1000 15

112 1024 299 1058 cenatum
327 1021 522 1066 iubet<o>
552 1031 655 1057 esse.
694 1021 888 1066 postridie
908 1019 1066 1066 t[h]uris
1088 1021 1321 1056 drachmam
1342 1029 1464 1055 unam
1491 1020 1513 1054 2

112 1075 307 1112 conterito
336 1077 375 1110 et
401 1075 480 1110 mel
502 1078 661 1111 coctum
684 1075 916 1110 drachmam
939 1084 1061 1109 unam
1083 1076 1122 1110 et
1142 1074 1225 1109 vini
1247 1073 1464 1109 sextarium

112 1128 311 1175 origaniti.
340 1129 434 1164 dato
456 1128 604 1169 ieiuno,
627 1131 665 1163 et
691 1138 817 1173 puero
838 1138 909 1173 pro
932 1130 1064 1163 aetate
1085 1128 1301 1163 triobolum
1324 1130 1363 1163 et
1382 1127 1465 1162 vini

112 1182 331 1218 heminam.
371 1192 491 1227 supra
518 1182 640 1227 pilam
663 1181 874 1217 inscendat
896 1184 934 1217 et
955 1182 1070 1216 saliat
1098 1181 1235 1217 decies
1264 1184 1301 1216 et
1329 1181 1465 1216 deam-

112 1236 235 1271 bulet.
1485 1242 1520 1268 20

162 1288 462 1324 Habitationem
485 1289 675 1324 delutare.
713 1292 855 1324 terram
878 1299 999 1334 quam
1022 1288 1199 1323 maxime
1220 1298 1302 1324 cre·
1331 1286 1537 1333 [CXXVIII

113 1345 245 1378 tosam
277 1342 343 1377 vel
375 1342 640 1383 rubricosam‚
674 1351 723 1378 eo
761 1352 965 1378 amurcam
999 1342 1215 1383 infundito,
1243 1341 1382 1386 paleas
1408 1341 1466 1376 in-

114 1395 210 1432 dito.
249 1395 368 1431 sinito
390 1395 658 1440 quadriduum
678 1396 883 1431 fracescat.
923 1395 991 1431 ubi
1018 1396 1124 1431 bene
1144 1395 1339 1436 fracuerit,
1361 1397 1466 1430 rutro

116 1448 332 1485 concidito.
384 1448 453 1484 ubi
493 1448 733 1489 concideris,
774 1449 965 1484 delutato.
1029 1449 1081 1484 ita
1120 1458 1254 1493 neque
1294 1457 1466 1493 aspergo

115 1502 291 1543 nocebit,
318 1511 453 1547 neque
479 1512 612 1537 mures
640 1512 739 1538 cava
772 1502 930 1543 facient,
958 1512 1092 1547 neque
1119 1502 1243 1538 herba
1271 1504 1466 1542 nascetur,
1488 1509 1523 1535 25

115 1565 250 1601 neque
277 1555 499 1591 lutamenta
525 1556 711 1592 scindent
737 1565 792 1591 se.

161 1608 322 1650 Aream.
349 1608 416 1645 ubi
449 1609 690 1645 frumentum
718 1612 881 1651 teratur,
909 1609 966 1645 sic
1000 1609 1131 1645 facito.
1183 1609 1318 1645 confo-
1371 1607 1542 1654 [CXXIX

116 1662 247 1698 diatur
273 1662 427 1698 minute
451 1665 565 1703 terra,
593 1672 757 1698 amurca
777 1663 882 1698 bene
910 1665 1199 1708 conspargatur
1220 1666 1258 1698 et
1279 1662 1469 1698 conbibat

116 1725 237 1761 quam
264 1715 492 1761 plurimum.
539 1716 789 1752 conminuito
816 1718 960 1751 terram
989 1718 1027 1751 et
1054 1715 1236 1760 cylindro
1263 1718 1331 1750 aut
1357 1716 1469 1760 pavi-

117 1769 208 1805 cula
240 1771 477 1814 coaequato.
528 1769 596 1805 ubi
630 1771 855 1814 coaequata
889 1769 976 1810 erit,
1006 1779 1140 1814 neque
1166 1768 1357 1805 formicae
1385 1778 1467 1803 mo·
1489 1776 1525 1802 30

116 1823 244 1858 lestae
270 1824 395 1863 erunt,
423 1825 461 1858 et
489 1832 578 1858 cum
606 1822 761 1868 pluerit,
788 1822 915 1857 lutum
943 1832 1024 1858 non
1053 1822 1136 1857 erit.

164 1932 186 1964 4
212 1932 252 1964 R.
280 1931 440 1964 CXXXV
466 1931 524 1964 Ad
549 1933 706 1964 tormina
733 1936 768 1964 et
794 1933 824 1964 si
851 1933 956 1964 aluus
982 1941 1058 1964 non
1079 1934 1257 1965 consistet
1283 1936 1319 1964 et
1344 1932 1391 1964 ad
1417 1936 1469 1964 te-

117 1981 198 2012 nias
225 1982 260 2012 et
286 1980 481 2012 lumbricos
504 1978 508 2018 Ι
532 1981 709 2012 consistet
744 1989 877 2020 apoyr.
905 1982 941 2011 et
971 1980 1056 2012 Vict.
1085 1981 1261 2012 consistat
1287 1979 1319 2012 V
1338 1977 1349 2019 ΙΙ
1381 1979 1402 2011 9
1429 1979 1471 2011 R.

119 2026 295 2059 CXXXVI
320 2026 378 2058 Ad
405 2027 640 2068 dyspepsiam
668 2031 703 2059 et
735 2029 973 2067 stranguriam
1018 2024 1028 2066 [Ι
1074 2027 1116 2059 13
1144 2028 1214 2059 del.
1241 2028 1320 2059 Keil
1349 2025 1353 2067 Ι
1383 2036 1470 2059 con-

117 2083 307 2114 quoquere
333 2071 343 2113 ΙΙ
374 2073 416 2105 16
443 2076 530 2107 add.
551 2075 631 2107 Keil
658 2072 662 2114 i
694 2075 902 2106 drachmam
930 2073 1153 2112 (drachmam
1174 2075 1260 2107 Vict.
1288 2075 1471 2107 dracmam

118 2119 148 2152 A
174 2122 361 2161 dragmam
388 2119 456 2160 be)
482 2131 592 2153 unam
619 2123 796 2154 conterito
823 2131 955 2162 apoyr.
978 2123 1015 2154 et
1039 2122 1125 2154 Vici.
1152 2122 1355 2154 drachmam
1383 2131 1470 2154 con-

118 2169 223 2201 terito
249 2169 283 2201 V
307 2166 318 2208 ΙΙ
346 2167 389 2200 18
421 2170 589 2209 origaniti
617 2165 800 2212 (addito)
826 2169 931 2207 Keil,·
957 2170 1002 2209 cf.
1028 2169 1172 2201 Hazzler
1193 2179 1232 2209 p.
1254 2174 1294 2201 17
1317 2166 1328 2210 ΙΙ
1352 2169 1395 2202 21
1431 2169 1470 2200 R.

120 2215 311 2248 CXXXVII
337 2215 609 2249 Habitationem
644 2217 806 2249 delutare
828 2215 833 2255 Ι
858 2216 911 2256 Cf.
939 2226 968 2248 c.
988 2220 1029 2248 92
1071 2214 1082 2256 ΙΙ
1125 2216 1170 2249 27
1197 2217 1237 2249 R.
1265 2216 1473 2249 CXXXVIII

118 2263 215 2296 Area
241 2264 428 2303 quomodo
455 2263 518 2295 fiat
541 2262 545 2302 Ι
568 2265 620 2296 sic
647 2264 756 2296 facito
784 2261 852 2303 (sic
879 2264 992 2296 facies
1012 2263 1045 2295 V
1065 2265 1118 2296 sic
1145 2264 1254 2296 facito
1282 2273 1414 2304 apoyr.
1436 2266 1473 2295 et

124 2309 227 2350 vict.)
273 2309 279 2349 Ι
327 2310 381 2351 Cf.
408 2320 436 2343 c.
457 2314 518 2348 91,·
543 2311 638 2343 Plin.
660 2316 709 2349 15,
723 2315 785 2350 33;
812 2315 860 2349 18,
875 2315 935 2343 295
980 2309 991 2350 Η
1035 2311 1074 2343 31
1106 2320 1186 2343 cum
1216 2312 1344 2350 pluerit
1373 2308 1472 2349 (eum

121 2358 222 2396 pluet
246 2358 279 2390 V
305 2367 384 2390 curn
417 2358 546 2396 pluerit
572 2367 704 2398 apoyr.
732 2361 768 2390 et
798 2357 902 2397 Vict.)
