1575 2470
552 67 612 102 De
639 67 723 113 agri
751 67 902 102 cultura
1380 73 1402 109 ῖ

217 173 335 210 CXXI
362 174 509 209 VInum
538 173 665 209 Coum
692 173 724 209 si
751 174 866 209 voles
893 175 1035 215 facere,
1063 185 1098 219 q.
1121 184 1154 209 a.
1177 184 1226 209 m.
1254 174 1377 209 facias

194 226 332 263 CXXII
360 227 508 262 Vinum
536 227 779 263 concinnare
806 231 848 262 ut
874 228 1010 263 alvum
1039 228 1188 264 bonam
1214 227 1338 262 facias

185 279 337 317 CXXIII
364 280 406 316 ln
445 280 585 316 vinum
627 283 802 316 mustum
848 281 991 316 veratri
1036 281 1108 316 atri
1153 279 1402 324 manipulum

436 334 595 375 coicias‚
623 336 665 369 ut
690 334 840 370 bonam
867 334 1003 369 alvom
1029 334 1152 369 facias

163 385 334 423 CXXIIII
360 387 507 422 Vinum
529 388 580 422 ad
601 387 736 422 alvum
758 388 1005 424 movendam
1027 397 1107 432 quo
1132 388 1255 422 modo
1282 387 1405 421 facias
1444 395 1461 421 5

197 439 335 476 CXXV
362 440 402 476 Si
429 441 569 476 lentim
596 450 757 476 servare
784 441 857 482 vis,
885 441 981 487 quid
1007 441 1140 476 facere
1168 441 1320 475 debeas

180 492 335 530 CXXVI
362 492 488 530 Oleae
515 494 632 529 albae
659 503 740 539 quo
767 495 891 530 modo
920 494 1158 530 condiantur

168 545 339 582 CXXVII
366 546 509 583 Oleam
530 547 663 582 albam
685 557 805 592 quam
827 549 1052 584 secundum
1074 547 1322 583 vindemiam
1342 545 1403 591 {si}

434 601 489 636 uti
515 601 587 641 vis,
615 611 650 645 q.
666 610 700 635 a.
716 611 767 636 m.
796 602 963 637 condias

150 652 339 689 CXXVIII
366 653 571 699 Epityrum
607 653 744 688 album
783 655 941 699 nigrum
974 655 1128 690 varium
1164 665 1199 699 q.
1221 664 1327 689 a.1n.
1356 663 1404 689 ex
1428 662 1461 689 ιο

433 707 550 742 olivis
576 708 700 743 facias

128 759 336 796 CXXVIIII
364 761 539 796 Mustum
572 762 604 796 si
631 762 746 797 voles
782 765 909 797 totum
943 772 1092 797 annum
1121 762 1281 801 habere,
1311 761 1405 805 quid

434 814 557 850 iacias

198 866 335 903 CXXX
363 868 581 904 Mustacios
609 878 729 913 quem
757 869 809 903 ad
836 869 1003 904 modum
1031 868 1154 904 facias

183 919 337 956 CXXXI
363 920 511 956 Vinum
529 921 774 957 concinnare
791 922 842 956 ad
861 922 1014 963 lotium,
1027 922 1059 957 si
1082 922 1244 957 difficile
1265 921 1407 956 emittit
1430 931 1462 956 15

433 984 591 1010 vessica

169 1025 339 1062 CXXXII
365 1028 514 1063 Vinum
541 1029 592 1063 ad
619 1027 820 1064 Ischiacos
848 1029 1094 1064 concinnare

150 1078 339 1116 CXXXIII
365 1080 415 1116 Vt
447 1090 569 1117 canes
607 1082 779 1117 interdiu
820 1082 1034 1118 conclusos
1073 1083 1244 1123 habeas,
1279 1083 1332 1117 ita
1366 1088 1406 1117 ut

434 1137 554 1171 noctu
582 1135 756 1170 acriores
783 1135 861 1170 sint

134 1186 339 1223 CXXXIIII
366 1188 514 1223 Vinum
541 1191 741 1224 murteum
770 1199 804 1234 q.
821 1199 855 1224 a.
874 1200 925 1224 m.
951 1190 1083 1225 facere
1111 1190 1263 1224 debeas
1427 1198 1462 1224 20

164 1239 339 1276 CXXXV
364 1241 428 1276 Ad
446 1242 626 1277 vtormina
653 1245 691 1278 et
718 1242 750 1277 si
778 1243 893 1278 alvos
919 1253 1000 1279 non
1029 1243 1232 1284 consistet,
1253 1246 1350 1287 <et)
1376 1244 1407 1278 si

434 1295 595 1330 taenIae
622 1297 660 1331 et
683 1295 867 1331 lumbrici
890 1296 1048 1331 molesti
1076 1300 1201 1337 erunt,
1230 1297 1326 1341 quid
1354 1297 1407 1331 fa-

437 1357 527 1383 cere
555 1348 707 1384 debeas

151 1399 342 1437 CXXXVI
369 1401 432 1436 Ad
459 1401 720 1446 dyspepsiam
749 1404 787 1437 et
813 1403 1079 1448 stranguriam

135 1451 343 1489 CXXXVII
371 1453 411 1490 Si
438 1454 730 1490 habitationem
758 1456 939 1491 delutare
966 1457 1027 1491 viS
1427 1464 1463 1491 25

117 1504 342 1542 CXXXVIII
369 1507 517 1542 Aream
544 1518 624 1553 quo
652 1509 775 1544 modo
803 1509 926 1545 facias

101 1557 343 1595 CXXXVIIII
369 1560 419 1596 Vt
445 1561 556 1606 ligna
582 1571 745 1598 amurca
771 1566 1010 1608 spargantur

167 1611 340 1648 CXXXX
367 1614 455 1650 Piro
481 1614 650 1650 florente
677 1618 718 1650 ut
746 1615 892 1660 dapem
920 1626 990 1660 pro
1019 1616 1149 1651 bubus
1176 1617 1299 1652 facias

224 1664 338 1702 CXLI
365 1667 523 1712 Dapem
550 1678 630 1713 quo
659 1669 782 1704 modo
810 1668 933 1704 facias

207 1718 337 1755 CXLII
363 1720 606 1766 Propagatio
634 1730 847 1766 pomorum
1428 1731 1463 1757 30

190 1771 336 1808 CXLIII
363 1773 592 1819 Antequam
614 1785 790 1811 messem
812 1775 992 1820 incipias,
1009 1779 1050 1810 ut
1071 1786 1234 1820 porcam
1256 1777 1407 1822 praeci-

438 1828 610 1863 daneam
638 1828 761 1864 facias

173 1876 336 1914 CXLIIII
364 1879 494 1919 Quem
516 1882 567 1916 ad
588 1882 754 1916 modum
774 1882 932 1918 tunicas
948 1885 1182 1927 ceterasque
1198 1893 1259 1919 res
1282 1887 1320 1919 et
1341 1884 1408 1920 ubi

438 1943 550 1969 emas

206 1983 340 2020 CXLV
365 1986 608 2023 Politionem
630 1998 709 2033 quo
732 1992 851 2033 pacto
873 1990 1117 2034 redemptori
1139 1991 1234 2026 dare
1256 1991 1408 2026 debeas
1430 1998 1464 2024 35

192 2037 341 2073 CXLVI
367 2038 538 2075 Vineam
565 2042 810 2086 redemptori
838 2042 1024 2087 partiario
1053 2046 1095 2078 ut
1122 2044 1195 2079 des

112 2164 126 2196 1
156 2174 191 2204 q.
211 2174 244 2198 a.
264 2175 310 2198 m.
341 2167 426 2199 Vict.
454 2176 561 2206 quam
589 2169 702 2201 facias
734 2167 745 2209 ΙΙ
777 2170 797 2202 3
825 2171 889 2201 atri
920 2170 1005 2202 Vict.
1033 2172 1105 2203 acri
1125 2169 1135 2210 ΙΙ
1155 2170 1176 2202 8
1203 2173 1273 2203 ciel.
1294 2172 1374 2203 Keil
1408 2201 1409 2205 ,

63 2211 107 2243 10
127 2220 161 2251 q.
176 2221 207 2244 a.
223 2222 268 2246 m.
282 2222 328 2245 ex
348 2215 456 2246 oliuis
478 2215 592 2248 facias
611 2225 682 2249 om.
696 2217 728 2249 V
742 2219 831 2249 add.
846 2227 978 2258 apoyr.
994 2220 1030 2250 et
1045 2219 1131 2251 Vict.
1151 2216 1162 2257 ΙΙ
1181 2219 1223 2250 21
1248 2220 1336 2251 add.
1351 2227 1374 2249 v
1400 2209 1411 2242 *¹

61 2257 107 2290 28
133 2259 286 2339 Ποῐεῃὲο
299 2261 345 2346 ιιῗ
371 2264 408 2294 et
438 2263 523 2294 Vict.
549 2263 692 2295 florenti
718 2264 797 2296 Pol.
824 2262 835 2303 Π
861 2265 903 2297 31
934 2274 1043 2303 porca
1069 2264 1232 2304 (porcam
1261 2266 1293 2297 Α
1325 2266 1409 2297 Vict.

63 2314 173 2344 porca
198 2316 218 2339 e
275 2317 322 2340 ο.
