1575 2470
566 63 625 98 De
652 61 736 107 agri
767 61 919 96 cultura
1393 66 1422 103 5,

299 171 363 207 LV
391 170 584 206 Harundo
611 178 690 214 quo
720 169 841 203 modo
869 170 1021 202 seratur

282 224 364 260 LVI
391 223 620 260 Pomarium
647 221 906 258 seminarium

265 277 362 314 LVII
389 277 450 312 De
475 277 597 312 vinea
622 277 760 311 vetere

249 331 365 367 LVIII
392 331 508 366 Prata
535 339 614 375 quo
642 329 765 365 modo
793 332 1060 364 stercorentur

231 384 364 420 LVllII
390 383 466 419 Vbi
494 384 595 428 daps
622 382 830 428 profanata
857 382 939 422 erit,
968 382 1063 427 quid
1090 382 1158 417 fiat

297 437 362 473 LX
389 436 631 483 Propagatio
660 436 777 472 oleae
803 444 1099 480 pomorumque

279 491 361 527 LXI
388 490 502 531 Quae
530 489 763 535 diligentius
791 489 1003 534 propagari
1032 489 1152 526 voles,

263 544 362 580 LXII
389 544 450 580 De
476 543 684 579 faenisicia

246 597 362 633 LXIII
389 597 527 633 Bubus
554 597 747 642 pabulum

229 651 361 687 LXIIII
387 651 448 686 De
474 651 595 696 lignis
622 650 774 686 domini
1446 653 1480 679 ro

259 704 360 741 LXV
386 704 579 740 Familiae
606 704 755 740 cibaria
782 707 931 748 quanta
958 704 1107 738 dentur

241 758 358 794 LXVI
385 758 533 793 Vinum
559 757 736 793 familiae
764 760 956 802 quantum
985 757 1100 791 detur

226 811 361 848 LXVII
388 811 704 847 Pulmentarium
731 810 907 846 familiae

208 865 358 902 LXVIII
384 865 635 901 Vestimenta
660 864 836 900 familiae

190 919 360 955 LXVIIII
387 919 525 955 Bubus
552 918 702 954 cibaria
1447 920 1481 946 ¹5

260 973 359 1008 LXX
387 971 477 1012 Quo
506 972 628 1008 modo
656 981 753 1017 ager
779 971 931 1007 colatur

243 1026 362 1062 LXXI
389 1025 496 1066 Quot
521 1026 672 1072 plostra
697 1025 847 1061 habere
873 1028 1059 1070 oporteat

229 1079 364 1115 LXXII
391 1079 544 1115 Funem
572 1089 693 1125 quam
720 1079 885 1124 longam
914 1087 1004 1113 esse
1031 1081 1218 1123 oporteat

212 1133 361 1169 LXXIII
389 1133 450 1169 De
477 1133 568 1169 olea
595 1132 825 1178 colligenda

193 1186 363 1222 LXXIIII
389 1185 535 1223 Oleum
560 1186 689 1221 viride
716 1195 796 1230 quo
824 1186 946 1220 modo
973 1185 1041 1220 flat
1448 1187 1484 1217 20

224 1240 361 1276 LXXV
388 1239 576 1276 Custodis
604 1242 642 1275 et
669 1239 911 1284 capulatoris
939 1238 1073 1274 officia

206 1293 360 1329 LXXVI
387 1293 484 1329 Item
513 1292 691 1329 custodis
719 1292 786 1337 qui
814 1292 853 1327 in
880 1292 1093 1328 torculario
1122 1293 1193 1328 erit
1220 1292 1352 1328 officia

191 1347 361 1383 LXXVII
386 1347 494 1382 Vasa
520 1346 675 1382 vinaria
703 1349 741 1382 et
767 1346 918 1382 olearia
946 1345 1144 1383 extollere-

171 1400 359 1436 LXXVIII
387 1400 506 1436 Dolia
532 1410 612 1445 quo
640 1400 763 1436 modo
791 1399 1006 1434 inbuantur

155 1453 362 1489 LXXVIIII
389 1453 526 1490 Bubus
553 1453 896 1489 medicamentum
1452 1454 1488 1483 25

220 1507 357 1543 LXXX
384 1507 464 1543 Bos
492 1507 524 1542 si
552 1509 763 1552 aegrotare
791 1506 968 1551 coeperit

202 1561 358 1597 LXXXI
384 1561 518 1597 Boves
546 1569 598 1596 ne
624 1560 752 1606 pedes
778 1560 984 1596 subterant

185 1614 357 1650 LXXXII
385 1613 474 1654 Quo
502 1614 626 1650 modo
653 1613 784 1649 bubus
812 1613 1154 1649 medicamentum
1182 1614 1297 1649 detur

168 1667 357 1704 LXXXIII
384 1668 536 1703 Panem
563 1666 804 1713 depsticium
831 1666 889 1702 sic
915 1666 1034 1702 facito

151 1720 358 1756 LXXXIlII
384 1721 527 1757 Libum
552 1721 631 1757 hoc
658 1721 780 1756 modo
808 1720 927 1755 facito
1453 1720 1488 1747 ³0

188 1774 363 1810 LXXXV
389 1774 620 1810 placentam
648 1774 706 1810 sic
731 1774 851 1809 facito

172 1827 362 1864 LXXXVI
389 1827 545 1873 Spiram
572 1828 630 1863 sic
655 1827 775 1863 facito

155 1881 363 1917 LXXXVII
390 1881 615 1926 Scriplitam
642 1881 699 1916 sic
724 1880 845 1916 facito

20 1896 27 2024 1
141 1934 366 1971 LXXXVIII
392 1934 589 1971 Globulos
615 1935 672 1970 sic
697 1934 817 1969 facito

121 1988 362 2025 LXXXVIIII
389 1988 586 2033 Encytum
613 1988 671 2024 sic
696 1987 816 2023 facito
1452 1988 1490 2016 35

21 2049 26 2075 ι
191 2041 367 2078 LXXXX
394 2041 565 2077 Erneum
593 2042 649 2077 sic
675 2041 794 2076 facito

141 2165 182 2198 17
209 2165 319 2202 Quod
361 2162 372 2203 Π
415 2164 459 2196 22
485 2165 677 2196 torculario
704 2161 887 2202 (torculari
912 2163 991 2195 Pol.
1021 2162 1215 2195 torculario
1243 2170 1375 2202 apoyr.
1402 2164 1439 2192 et

96 2208 198 2254 Vici.)
232 2211 237 2251 Ι
271 2213 337 2245 erit
362 2210 483 2250 (erunt
507 2211 540 2243 V
565 2212 630 2243 erit
656 2220 788 2251 apoyr.
810 2213 846 2243 et
870 2206 971 2250 Vict.)
1001 2207 1012 2249 ΙΙ
1043 2209 1088 2242 28
1115 2210 1217 2242 detur
1242 2218 1375 2249 apoyr.
1403 2210 1440 2239 et

97 2260 183 2293 Vici.
208 2269 279 2293 om.
304 2259 336 2292 V
356 2257 366 2298 ΙΙ
398 2259 442 2292 35
475 2258 650 2299 Encyturn
683 2267 815 2298 apoyr.
842 2261 879 2290 et
908 2258 992 2292 Uict.
1020 2257 1189 2292 Encitum
1213 2256 1245 2290 V
1264 2253 1275 2296 Η
1306 2256 1351 2288 36
1377 2255 1442 2287 Er«

93 2316 201 2340 neum
228 2316 359 2347 apoyr.
387 2309 423 2339 et
447 2307 531 2338 Vict.
559 2306 740 2338 Herneum
762 2306 793 2338 V
