1618 2470
498 81 558 117 De
586 82 669 126 agri
698 82 849 116 cultura
877 91 907 116 c.
929 81 1071 116 37—40
1412 86 1460 125 31

163 187 204 225 Si
236 188 346 234 ligna
379 191 418 224 et
449 188 584 234 virgas
616 198 697 224 non
731 188 879 233 poteris
912 188 1091 223 vendere
1123 196 1257 232 neque
1290 187 1467 232 lapidem

116 241 296 283 habebis,
323 242 432 277 unde
459 242 611 277 calcem
640 251 802 286 coquas,
831 242 881 276 de
914 240 1034 286 lignis
1068 240 1264 276 carbones
1292 239 1467 285 coquito,

114 295 249 341 virgas
282 298 321 331 et
346 297 558 336 sarmenta,
586 304 691 340 quae
717 294 788 330 tibi
821 294 953 329 usioni
984 296 1232 339 supererunt,
1259 293 1299 328 in
1327 295 1468 338 segete
1524 300 1535 309 “

115 348 336 384 conburito.
387 348 455 383 ubi
483 358 552 383 eas
579 347 847 389 conbusseris,
874 347 928 383 ibi
955 356 1134 392 papaver
1159 346 1292 382 serito.
1505 353 1521 379 4

161 401 237 437 Vbi
257 404 519 447 tempestates
540 401 671 436 malae
698 404 823 442 erunt,
851 410 942 436 curn
963 410 1066 445 opus
1091 399 1177 435 fieri
1204 409 1286 435 non
1313 397 1538 445 [XXXVIliI

114 454 269 500 poterit,
296 458 448 491 stercus
474 455 514 490 in
541 454 786 490 stercilinum
814 454 979 499 egerito.
1007 453 1156 494 bubile‚
1180 453 1300 494 ovile,
1328 452 1468 488 cohor-

114 511 208 550 tem,
228 509 366 544 villam
388 509 493 544 bene
513 510 698 553 purgato.
726 507 835 543 dolia
855 508 1022 552 plumbo
1043 506 1194 542 vincito
1214 506 1281 541 vel
1302 505 1468 541 materie

117 571 296 607 quernea
327 561 510 598 virisicca
549 561 726 606 alligato.
773 561 804 596 si
838 561 945 597 bene
977 560 1142 596 sarseris
1178 562 1246 595 aut
1281 560 1387 595 bene
1413 559 1469 594 ala

114 615 305 660 ligaveris
332 617 371 651 et
396 615 436 650 in
462 615 583 650 rimas
610 614 954 650 medicamentum
981 613 1175 649 indideris
1195 613 1384 658 beneque
1410 612 1468 657 pi-

113 668 280 710 caveris,
307 668 480 714 quodvis
507 668 660 704 dolium
687 667 886 703 vinarium
919 668 1052 703 facere
1078 666 1239 712 poteris.
1291 665 1467 701 medica-
1489 673 1522 700 ιο

114 724 294 757 mentum
330 721 370 757 in
406 721 559 758 dolium
595 721 672 757 hoc
708 722 832 757 modo
868 721 1006 756 facito:
1044 730 1161 756 cerae
1188 727 1223 754 P.
1244 728 1273 761 1,
1309 719 1468 755 resinae

113 783 148 810 P.
169 783 192 816 1,
219 775 392 821 sulpuris
418 782 452 810 P.
474 774 508 811 c'
533 774 582 810 c'.
609 775 711 810 haec
737 775 874 811 omnia
895 775 934 810 in
957 774 1125 810 calicem
1147 783 1299 809 novum
1327 773 1466 814 indito,
1494 772 1515 806 2

114 837 164 864 eo
190 828 328 864 addito
354 838 529 874 gypsum
557 828 781 869 contritum,
809 827 864 862 uti
899 827 1120 863 crassitudo
1148 827 1217 862 fiat
1243 827 1358 872 quasi
1386 836 1467 862 em-

112 881 316 926 plastrum,
344 890 393 917 eo
421 881 529 917 dolia
556 881 711 917 sarcito.
763 881 831 917 ubi
867 881 1043 922 sarseris‚
1070 880 1137 926 qui
1166 880 1343 916 colorem
1371 889 1467 916 eun-

113 935 206 970 dem
232 934 367 976 facias,
395 937 527 970 cretae
555 935 702 970 crudae
735 938 867 979 partes
895 935 1012 974 duas,
1041 934 1162 969 calcis
1187 933 1345 969 tertiam
1373 942 1467 969 con·
1489 940 1523 967 15

113 988 302 1024 misceto:
330 988 425 1023 inde
452 988 666 1024 laterculos
693 988 824 1029 facito,
847 988 1009 1032 coquito
1038 988 1077 1022 in
1104 985 1352 1032 fornace[m],
1375 996 1466 1022 eum

112 1042 308 1078 conterito
335 1042 459 1087 idque
485 1041 677 1077 inducito.

159 1095 234 1131 Per
269 1095 438 1131 imbrem
474 1095 514 1130 in
550 1093 716 1140 villa[m]
754 1095 936 1140 quaerito
974 1094 1069 1139 quid
1105 1094 1189 1129 fieri
1226 1094 1365 1139 possit.
1416 1104 1468 1129 ne

112 1151 302 1190 cessetur,
341 1149 558 1184 munditias
596 1149 728 1184 facito.
780 1148 976 1193 cogitato,
1015 1148 1046 1183 si
1086 1147 1183 1183 nihil
1221 1148 1301 1189 fiet,
1341 1147 1466 1183 nihilo

114 1201 245 1238 minus
272 1204 476 1248 sumptum
502 1202 688 1238 futurum.
1486 1207 1521 1235 20

160 1255 235 1292 Per
253 1264 324 1291 ver
343 1255 446 1291 haec
464 1255 550 1291 fieri
572 1257 740 1300 oportet.
767 1255 902 1291 sulcos
930 1258 968 1290 et
996 1256 1159 1291 scrobes
1186 1255 1283 1296 fieri,
1310 1254 1430 1290 serni-
1457 1253 1538 1299 [XL

112 1308 244 1350 nariis,
272 1308 438 1344 vitiariis
463 1309 597 1345 locum
624 1308 736 1349 verti,
757 1309 861 1344 vites
882 1309 1107 1354 propagari,
1136 1308 1176 1344 in
1197 1308 1296 1344 locis
1324 1308 1466 1344 crassis

112 1364 153 1397 et
184 1362 353 1398 umectis
386 1362 529 1403 ulmos,
561 1362 672 1403 ficos,
708 1372 841 1407 poma,
877 1362 990 1398 oleas
1022 1362 1099 1398 seri
1135 1364 1305 1407 oportet.
1355 1361 1466 1402 ficos,

111 1416 235 1457 oleas,
262 1415 378 1457 mala,
405 1415 501 1460 pira,
525 1415 628 1450 vites
655 1415 775 1451 inseri
803 1418 960 1461 oportet
986 1415 1081 1451 luna
1107 1415 1240 1451 silenti
1267 1417 1358 1460 post
1384 1424 1466 1450 me-

110 1468 253 1504 ridiem
273 1468 362 1504 sine
380 1471 504 1504 vento
531 1471 677 1505 austro.
716 1469 840 1510 oleas,
861 1469 974 1514 ficos,
993 1468 1089 1514 pira,
1111 1469 1216 1504 mala
1243 1469 1321 1504 hoc
1341 1469 1464 1504 modo
1485 1476 1521 1504 25

111 1522 287 1558 inserito.
335 1531 456 1567 quem
482 1532 637 1557 ramum
669 1522 858 1558 insiturus
892 1522 986 1563 eris,
1013 1522 1246 1567 praecidito‚
1274 1521 1465 1558 inclinato
1492 1522 1514 1557 2

112 1575 374 1621 aliquantum,
401 1578 444 1611 ut
470 1585 574 1621 aqua
602 1576 767 1611 defluat:
806 1586 896 1611 cum
923 1575 1145 1621 praecides,
1173 1578 1316 1611 caveto
1343 1585 1396 1611 ne
1421 1575 1466 1611 li-

112 1629 228 1664 brum
255 1629 473 1665 convellas.
524 1629 671 1665 sumito
704 1629 775 1664 tibi
808 1630 1011 1665 surculum
1045 1629 1200 1670 durum,
1233 1638 1327 1664 eum
1352 1638 1465 1674 prae-

110 1682 256 1724 acuito‚
291 1682 457 1718 salicem
485 1681 682 1718 Graecam
717 1683 945 1718 discindito.
997 1682 1179 1727 argillam
1214 1682 1280 1717 vel
1316 1685 1464 1718 cretam

112 1735 313 1777 coaddito‚
339 1736 516 1771 harenae
543 1736 751 1781 paululum
785 1738 823 1771 et
849 1736 989 1771 limum
1022 1735 1230 1777 bubulum,
1256 1735 1359 1771 haec
1386 1746 1465 1771 una
1484 1745 1520 1772 30

113 1789 218 1824 bene
245 1787 554 1834 condep[o]sito,
582 1799 703 1834 quam
730 1790 906 1825 maxime
933 1789 988 1825 uti
1021 1789 1175 1824 lentum
1201 1789 1280 1825 fiat.
1333 1789 1465 1834 capito

112 1841 184 1877 tibi
211 1841 377 1878 scissam
403 1842 580 1884 salicem,
603 1852 651 1878 ea
671 1842 835 1888 stirpem
856 1842 1082 1888 praecisum
1104 1842 1393 1888 circumligato,
1414 1852 1465 1878 ne

163 1945 178 1977 1
208 1945 248 1978 R.
269 1945 362 1977 XLV
390 1946 426 1978 Si
454 1947 554 1987 ligna
580 1951 616 1980 et
641 1949 764 1987 uirgas
784 1957 860 1979 non
882 1948 1017 1986 poteris
1038 1948 1199 1980 uendere
1219 1944 1230 1986 ll
1250 1948 1271 1980 3
1293 1947 1347 1988 Cf.
1368 1947 1463 1980 Plin.

115 1996 164 2032 18,
176 1996 240 2025 229
258 1990 269 2033 ΙΙ
289 1993 309 2024 5
325 1993 365 2026 R.
380 1993 489 2026 XLVI
510 1995 580 2027 Ubi
594 1998 834 2033 tempestates
856 1995 950 2027 male
971 1997 1076 2027 erunt
1096 1995 1185 2033 quid
1212 1995 1290 2026 fieri
1312 1995 1428 2034 possit

113 2040 134 2071 8
153 2041 322 2073 virisicca
341 2044 564 2081 suspectum.
592 2043 688 2075 bene
708 2043 806 2074 sicca
821 2044 858 2074 in
875 2051 1003 2075 comm.
1018 2042 1099 2074 Keil
1112 2050 1197 2075 vere
1212 2044 1310 2074 sicca
1322 2042 1465 2074 Hauler

109 2097 148 2126 ρ.
161 2091 200 2119 21
239 2085 250 2128 ll
290 2088 332 2120 12
359 2088 516 2128 sulpuris
543 2086 595 2127 (et
620 2089 804 2128 sulphuris
823 2090 855 2121 V
887 2090 1044 2128 sulpuris
1070 2089 1126 2121 Ac
1153 2090 1336 2128 sulphuris
1368 2086 1428 2130 bf)

117 2134 158 2166 15
183 2135 288 2167 tertia
314 2145 446 2176 apogr.
474 2139 510 2168 et
539 2136 625 2169 Vici.
651 2135 756 2169 tertia
780 2137 812 2170 V
831 2135 842 2177 l!
871 2137 913 2168 16
941 2138 1010 2169 del.
1036 2137 1116 2169 Keil
1142 2134 1153 2176 ΙΙ
1181 2136 1224 2168 18
1251 2138 1321 2170 del.
1348 2138 1462 2170 editio

112 2182 228 2214 Basil.
255 2192 289 2215 a.
306 2187 383 2215 1521
408 2181 413 2222 Ι
436 2184 525 2222 quid
544 2183 623 2216 fieri
644 2185 761 2224 possit
781 2194 913 2225 apoyr.
935 2184 1023 2223 quid
1044 2185 1162 2223 possit
1181 2184 1261 2216 fieri
1275 2184 1308 2216 V
1327 2181 1338 2224 ΙΙ
1358 2184 1398 2216 21
1423 2183 1462 2215 R.

113 2228 238 2261 XLVII
263 2229 331 2262 Per
349 2239 413 2262 uer
433 2239 527 2269 quae
549 2231 638 2263 fiant
660 2230 664 2269 1
689 2231 743 2272 Cf.
758 2232 853 2264 Plin.
869 2236 918 2270 17,
935 2236 1015 2269 111,·
1036 2235 1084 2270 18,
1098 2235 1160 2263 243
1188 2230 1199 2270 ΙΙ
1227 2232 1272 2263 24
1295 2231 1349 2271 Cf.
1366 2232 1462 2264 Plin.

116 2279 240 2314 17,170
274 2274 286 2316 ΙΙ
323 2277 379 2309 28.
394 2277 440 2309 29
468 2280 676 2317 praeacuito
705 2277 764 2316 (ex
790 2278 887 2318 pro-)
921 2279 1069 2310 salicem
1098 2279 1130 2310 A
1164 2280 1352 2318 proacuito
1379 2287 1460 2310 sau-

114 2332 193 2355 cem
214 2322 225 2363 ΙΙ
245 2324 286 2357 31
315 2325 479 2357 del.vict.
503 2322 508 2358 Ι
530 2326 665 2358 lentum
694 2336 826 2366 apoqr.
853 2329 888 2358 et
920 2327 1004 2358 ert.
1032 2327 1140 2358 letum
1169 2326 1248 2358 Pol.

1187 2382 1238 2416 4*
