1575 2470
120 89 148 126 ὅ
717 83 877 121 Catonis

204 188 395 224 LXXXXI
423 189 647 235 Spaeritam
675 192 732 227 sic
759 192 880 228 facito

191 241 398 278 LXXXXII
425 243 572 279 Votum
600 254 670 289 pro
698 245 831 281 bubus

175 294 401 331 LXXXXIII
427 295 622 332 Savillum
650 297 705 333 sic
732 298 851 334 facito

156 348 399 384 LXXXXIIII
425 349 580 385 Pultem
609 351 801 386 Punicam
829 352 885 388 sic
912 353 1031 390 facIto

79 411 99 436 5
188 401 401 437 LXXXXV
428 401 628 438 Graneam
654 404 850 440 triticeam
878 406 935 441 sic
962 407 1081 443 facito

173 454 401 490 LXXXXVI
427 455 619 491 Amulum
647 457 703 492 sic
730 458 850 494 facito

154 508 400 544 LXXXXVII
427 509 561 544 Salem
590 511 807 546 candidum
835 512 893 548 sic
919 513 1039 549 facito

137 561 397 597 LXXXXVIII
425 562 603 598 Gallinas
632 566 670 598 et
697 574 860 600 anseres
887 565 946 601 sic
972 567 1110 602 farcito

118 614 397 651 LXXXXVIIII
424 616 662 652 Palumbum
690 621 893 653 recentem
922 620 978 654 sic
1006 620 1142 655 farcito

62 676 97 702 ιο
369 668 397 705 C
424 669 571 704 Aream
599 670 655 705 sic
682 671 801 707 facito

348 721 392 758 CI
420 722 635 758 Frumento
663 733 714 759 ne
742 725 918 761 curculio
947 730 1091 762 noceat

329 775 391 812 CII
419 775 520 811 Olea
546 776 578 811 si
604 777 775 812 fructum
802 788 884 813 non
911 779 984 814 fert

312 828 391 864 CIII
418 829 499 865 Fici
527 829 582 864 uti
609 840 773 875 grossos
800 834 965 867 teneant

292 882 389 919 CIIII
414 883 647 919 Involvolus
674 883 713 918 in
740 884 861 920 vinea
887 895 939 920 ne
965 886 1014 920 sit

57 943 92 969 15
327 936 392 972 CV
420 936 528 972 Oves
555 947 607 972 ne
634 938 800 972 scabrae
826 938 924 974 fiant

312 988 393 1025 CVI
420 990 594 1025 Amurca
620 1000 739 1025 axem
767 992 937 1036 unguito

291 1041 390 1078 CVII
417 1043 666 1079 Vestimenta
694 1053 745 1079 ne
771 1044 894 1080 tiniae
920 1048 1088 1090 tangant

273 1095 389 1132 CVIII
415 1096 497 1132 Fici
525 1097 660 1131 aridae
687 1100 729 1131 ut
755 1097 937 1143 integrae
965 1099 1042 1134 sint

256 1148 387 1185 CVIIII
416 1149 560 1185 Oleum
588 1150 618 1185 si
647 1150 686 1185 in
715 1153 924 1186 metretam
953 1153 1079 1188 addes

55 1208 90 1235 20
325 1202 390 1238 CX
416 1203 559 1248 Virgas
594 1207 768 1239 murteas
803 1204 857 1239 uti
886 1215 1040 1246 serves,
1068 1205 1162 1241 item
1190 1206 1299 1241 aliud
1326 1216 1457 1252 genus

306 1255 386 1292 CXI
414 1256 454 1292 Si
492 1257 640 1292 bovem
681 1260 747 1292 aut
787 1258 905 1292 aliam
946 1259 1250 1303 quadrupedem
1290 1269 1456 1304 serpens

488 1311 746 1345 momorderit

286 1362 385 1399 CXII
415 1363 546 1399 Boves
573 1363 628 1398 uti
655 1364 817 1399 valeant

268 1416 383 1452 CXIII
410 1417 556 1451 Vinum
583 1417 758 1452 familiae
784 1427 854 1462 per
880 1418 1056 1453 hiemem
1085 1418 1151 1463 qui
1180 1421 1309 1453 utatur

50 1475 87 1502 25
251 1469 382 1506 CXIIII
410 1469 486 1510 Qui
508 1480 604 1515 ager
625 1480 647 1504 a
669 1470 765 1505 mari
788 1471 924 1511 aberit,
949 1471 1002 1506 ibi
1023 1472 1162 1506 vinum
1183 1481 1374 1516 graecum
1397 1472 1453 1508 sic

285 1576 386 1613 CXV
412 1524 760 1622 Aqtfizazltinarinae
788 1577 1043 1613 concinnatio

266 1629 384 1666 CXVI
412 1629 501 1669 Quo
522 1630 632 1665 labra
653 1630 852 1665 doliorum
874 1630 1137 1671 circumlinas,
1160 1633 1201 1665 ut
1227 1631 1332 1666 bene
1353 1632 1451 1666 odo-

48 1741 84 1768 30
247 1736 381 1772 CXVII
408 1686 567 1772 VinIJarssla
582 1687 756 1772 SSilrLtOles
784 1737 952 1781 experIri
981 1736 1213 1771 duraturum
1239 1736 1289 1771 sit
1315 1747 1445 1773 necne

228 1789 380 1826 CXVIII
406 1790 554 1826 Vinum
587 1799 773 1835 asperum
807 1790 917 1834 quod
951 1789 1022 1824 erit
1054 1789 1146 1824 lene
1183 1791 1221 1824 et
1253 1800 1379 1825 suave
1417 1792 1447 1826 si

480 1843 594 1879 voles
620 1843 762 1884 facere,
791 1843 886 1888 quid
913 1842 1035 1878 facias

210 1895 379 1931 CXVIIII
405 1896 454 1931 Vt
475 1897 642 1931 odorem
665 1897 813 1931 malum
836 1896 989 1932 eximas
1011 1895 1061 1930 de
1076 1895 1183 1936 vino,
1200 1895 1295 1940 quid
1316 1896 1447 1932 facere

45 2007 81 2034 35
285 2002 386 2038 CXX
413 2002 453 2039 Si
482 1950 735 2038 ἳῖῗὲεᾶδεοίῐθ
768 2003 905 2037 vinum
939 2011 1085 2047 aquam
1122 2002 1269 2037 habeat
1305 2011 1446 2043 necne,

479 2056 575 2101 quid
601 2056 732 2091 lacere
760 2056 912 2091 debeas

149 2179 163 2210 1
194 2178 372 2218 Speritam
399 2188 531 2218 apoyr.
552 2180 590 2210 et
612 2178 697 2210 Vict.
724 2177 932 2216 Spaericam
952 2177 984 2209 V
1004 2175 1014 2216 ΙΙ
1037 2177 1078 2208 14
1098 2176 1310 2208 Inuoluolus
1331 2174 1443 2215 (Con-

97 2226 268 2258 uoluolus
288 2226 367 2258 Pol.
390 2225 641 2258 Conuoluulus
662 2234 684 2256 v
705 2225 916 2257 Inuoluolus
938 2234 1070 2264 apoyr.
1091 2226 1128 2256 et
1142 2220 1242 2263 Vici.)
1262 2221 1273 2262 ΙΙ
1296 2223 1336 2254 15
1363 2232 1441 2255 sca-

97 2275 184 2306 brae
209 2282 233 2305 v
259 2274 407 2305 scabiae
448 2272 460 2312 ll
504 2273 547 2305 32
581 2273 668 2312 quid
702 2273 814 2304 facias
847 2281 979 2312 apoyr.
1005 2274 1043 2304 et
1072 2272 1156 2303 Vict.
1189 2279 1296 2310 quam
1330 2270 1442 2303 facias

99 2321 176 2353 Ροί.
