1575 2470
132 56 163 90 Χ
661 57 949 94 PRAEFATIO

131 163 280 198 debere
307 162 444 197 Klotz
471 162 621 207 (lahns
648 164 810 199 Archiv’
834 168 858 199 t.
880 165 913 199 X
935 175 967 200 a.
990 166 1093 207 1844,
1114 177 1150 211 p.
1171 166 1244 211 38),
1267 167 1478 203 Reuther

128 216 180 260 (p.
202 216 273 258 16),
302 215 637 252 Reitzenstein
677 227 712 261 p.
740 217 804 252 591
843 222 1094 254 monuerunt.
1147 219 1207 255 De
1243 230 1322 265 quo
1356 220 1477 265 scrip-

130 273 214 304 tore
235 268 292 304 eis
307 279 411 313 quae
426 269 497 304 viri
521 270 627 305 docti
650 270 922 306 disseruerunt
943 272 1051 316 quod
1072 273 1221 308 addam
1236 283 1317 308 non
1332 274 1476 309 habeo.

168 343 172 344 ν
202 321 390 358 Gellius
425 323 549 358 verba
586 321 783 359 Catonis
821 325 979 360 duobus
1015 328 1169 361 tantum
1206 326 1304 361 locis
1331 326 1476 367 attulit;

131 385 298 420 quorum
333 375 438 420 prior
470 378 529 411 est
555 376 589 411 X
609 376 665 417 26,
686 377 767 411 8:
785 387 814 412 c.
840 377 869 418 1,
890 377 912 412 3
939 377 1020 421 (ubi
1056 379 1254 423 oppidum
1292 380 1473 423 amplum

130 431 259 464 exstat
286 438 355 473 pro
383 439 432 464 eo
460 430 568 473 quod
595 439 734 464 verum
763 433 822 465 est
849 431 1047 475 oppidum
1069 432 1283 475 validum),
1311 433 1409 468 alter
1428 433 1476 467 ΙΙΙ

132 483 184 522 14,
206 482 410 526 17=cap.
432 483 511 523 151,
532 482 565 517 3.
593 503 636 505 Μ
665 482 854 519 Nonius
889 494 992 528 quae
1024 484 1146 520 habet
1173 485 1372 521 Varroni
1407 487 1475 521 de-

128 536 207 570 bet.
235 555 277 558 W
313 535 588 570 Macrobius
627 535 745 580 (VI4,
769 537 828 577 16;
856 537 978 581 V116)
1019 547 1068 572 ex
1104 537 1261 573 Plinio
1298 539 1475 583 pendere

133 589 286 624 videtur
313 588 374 632 (ci.
396 588 435 623 P.
457 588 622 624 Weise
649 590 672 624 l.
694 600 723 624 s.
745 600 773 625 s.
802 601 837 635 p.
860 588 954 634 159).
998 611 1001 612 ν
1047 590 1166 635 Apud
1193 591 1473 628 Diomedem

129 641 305 686 denique
344 652 447 687 quae
486 652 523 687 p.
549 642 629 683 368,
650 642 696 677 26
732 643 928 688 leguntur,
965 654 1045 679 non
1084 654 1133 679 ex
1171 643 1354 680 Catone
1386 645 1473 690 ipso

129 697 286 740 sumpta
313 698 420 736 sunt,
455 696 526 730 sed
555 705 604 730 ex
631 695 730 731 libro
760 696 845 731 eius
873 697 938 741 qui
968 696 1191 741 ‘Tyrannus
1218 698 1269 733 de
1305 698 1474 743 agricul-

131 748 229 783 tura'
254 749 409 789 dicitur,
438 758 557 793 quem
579 748 862 784 Turranium
885 759 975 785 esse
996 750 1098 786 Keil
1126 751 1166 785 in
1193 751 1284 785 adn.
1308 751 1473 786 censuit.

185 801 347 837 Tertia
378 802 671 837 emendationis
701 802 778 837 via
809 812 858 837 ex
888 805 970 838 arte
999 804 1252 839 coniectandi
1283 814 1327 839 se
1356 804 1473 840 nobis

130 856 266 895 obfert,
295 865 372 900 qua
398 855 503 890 felici
531 865 655 900 saepe
682 865 872 892 successu
901 866 950 891 ex
977 857 1224 901 temporibus
1257 857 1471 892 litterarum

129 911 353 944 renatarum
375 908 486 943 multi
509 908 568 943 usi
592 911 694 950 sunt,
723 912 763 944 ut
791 909 1049 951 Iucundus,
1077 909 1336 952 Victorius,
1359 910 1472 946 Ροῃ-

129 963 299 997 tedera
328 961 423 1002 Itali,
449 961 700 997 Turnebus
721 962 1017 1007 Francogallus,
1040 963 1277 998 Meursius
1299 965 1337 998 et
1364 962 1471 999 Gro-

128 1015 302 1050 novius
324 1014 477 1055 Batavi,
499 1024 548 1050 ex
564 1015 806 1051 nostratibus
823 1015 1022 1056 Gesner,
1044 1016 1331 1057 Schneider,
1354 1016 1471 1057 Keil,

128 1078 295 1114 quorum
323 1068 487 1104 nomina
515 1078 564 1103 ex
592 1071 783 1113 apparatu
813 1069 939 1104 oculis
967 1079 1090 1114 saepe
1117 1072 1338 1105 occurrunt.
1390 1069 1471 1105 Sed

130 1125 169 1157 ut
184 1132 289 1157 nunc
302 1131 362 1157 res
376 1124 545 1162 est,cum
561 1121 636 1157 loci
653 1132 734 1158 non
750 1122 864 1167 pauci
883 1123 1006 1158 relicti
1023 1123 1110 1164 sint,
1126 1123 1191 1168 qui
1210 1123 1471 1168 potiusinter-

130 1178 279 1220 pretem
314 1185 433 1219 quam
465 1176 766 1210 emendatorem
794 1178 1040 1221 exspectent,
1074 1176 1469 1220 interpretationi

129 1239 314 1274 campum
330 1228 578 1269 latissimum,
601 1228 903 1264 coniecturis
925 1231 1139 1274 angustum
1162 1229 1469 1264 concedendum

128 1291 218 1317 esse
244 1284 420 1326 apparet,
448 1281 533 1316 sive
561 1291 610 1316 ex
644 1282 909 1327 disciplina
935 1282 1249 1327 grammatica
1276 1282 1467 1318 auxilium

127 1335 381 1380 exspectabis
403 1337 441 1370 et
463 1344 511 1370 ex
539 1335 896 1370 consuetudine
924 1335 1136 1376 dicendi,
1166 1335 1253 1370 sive
1275 1345 1325 1371 ex
1351 1335 1469 1370 iuris

128 1388 353 1428 scientia,
375 1388 462 1424 sive
484 1398 533 1423 ex
554 1388 899 1433 antiquitatum
922 1389 1065 1434 quovis
1086 1398 1248 1434 genere.
1271 1409 1313 1411 >—
1335 1388 1468 1433 Atque

127 1442 472 1487 grammaticae
509 1445 547 1477 et
587 1441 931 1477 consuetudini
972 1442 1168 1477 dicendi
1210 1441 1468 1477 illustrandae

128 1498 282 1540 praeter
308 1498 462 1531 ceteros
499 1496 736 1531 Henricus
763 1495 866 1530 Keil
903 1504 1066 1539 operam
1100 1494 1262 1529 navavit
1288 1493 1467 1538 inprimis

128 1550 165 1584 in
193 1549 481 1584 commentario
503 1549 641 1584 maiori
664 1549 828 1584 editioni
851 1548 1009 1583 adiecto
1031 1547 1153 1592 idque
1174 1547 1213 1582 in
1235 1547 1466 1582 universum

126 1602 278 1648 optimo
300 1612 501 1638 successu.
534 1602 787 1647 Quamquam
808 1602 1012 1637 fatendum
1029 1600 1101 1636 erit
1114 1600 1241 1635 virum
1258 1600 1466 1645 egregium

127 1656 165 1690 in
201 1656 390 1691 contextu
430 1655 713 1691 constituendo
753 1656 804 1690 de
839 1655 938 1691 locis
977 1655 1084 1689 haud
1120 1654 1174 1688 ita
1209 1653 1348 1698 paucis
1385 1653 1467 1688 suis

127 1709 345 1744 rationibus
381 1709 577 1744 confisum
610 1709 789 1744 severius
821 1708 1022 1744 iudicasse
1056 1710 1094 1742 et
1121 1706 1317 1742 Catonis
1344 1707 1467 1743 verba

126 1763 176 1797 ad
204 1762 394 1798 orationis
429 1763 579 1807 politae
617 1762 730 1807 leges
767 1762 990 1798 exactiores
1016 1761 1141 1797 nimio
1168 1760 1301 1796 studio
1328 1760 1466 1796 astrin-

126 1816 243 1851 xisse.
293 1815 450 1851 Etenim
486 1815 644 1861 propria
680 1818 739 1850 est
774 1815 892 1850 huius
927 1815 1050 1850 libelli
1083 1814 1240 1850 indoles
1273 1823 1348 1849 nec
1375 1822 1465 1848 cum

124 1869 292 1904 aliorum
313 1869 548 1914 scriptorum
569 1869 695 1905 forma
716 1869 866 1913 ubique
887 1867 1185 1913 comparabilis;
1207 1877 1354 1912 nempe
1375 1876 1464 1902 cum

121 1922 387 1967 agricolarum
415 1922 669 1967 potissimum
697 1921 785 1957 usui
813 1921 913 1956 haec
940 1922 1155 1965 praecepta
1182 1920 1382 1955 destinata
1407 1919 1464 1954 fu-

125 1975 224 2009 erint
252 1977 289 2010 et
316 1985 365 2010 ex
393 1975 561 2010 diversis
587 1975 763 2011 fontibus
791 1975 970 2015 collecta,
998 1983 1066 2009 cur
1086 1973 1277 2009 orationis
1297 1981 1465 2008 severae

122 2037 264 2063 severa
290 2037 429 2063 norma
457 2030 495 2063 et
521 2030 604 2063 arte
625 2030 904 2064 coercerentur
923 2027 1032 2062 nulla
1053 2036 1174 2061 causa
1194 2026 1276 2062 fuit.
1315 2025 1404 2066 Quo
1425 2025 1464 2060 in

123 2091 273 2126 genere
300 2081 396 2116 illud
423 2090 543 2126 pono,
571 2081 679 2126 quod
714 2081 856 2116 iniuria
887 2080 1096 2115 Keilium
1127 2079 1314 2125 exempla
1343 2088 1465 2124 quae-

120 2135 215 2169 -dam
242 2134 446 2169 brevitatis
478 2134 543 2169 vel
576 2134 863 2179 neglegentiae
895 2133 1116 2168 removisse
1148 2131 1304 2167 insertis
1330 2131 1465 2166 verbis

122 2187 256 2232 qualia
282 2189 372 2222 sunt
399 2188 530 2230 addit,
558 2188 717 2229 addito,
745 2187 896 2229 ind1'to,
921 2187 1061 2227 sinito,
1088 2185 1166 2220 alia
1187 2184 1363 2220 Hauler
1388 2183 1412 2218 l.
1433 2193 1462 2219 s.

123 2252 149 2275 s.
179 2244 285 2277 recte
312 2241 476 2282 monuit,
505 2250 594 2276 cum
616 2250 776 2285 prorsus
796 2239 1061 2285 improbabile
1081 2239 1130 2274 sit
1150 2240 1207 2274 tot
1226 2237 1320 2273 talia
1340 2237 1464 2273 verba
