1618 2470
143 77 198 114 44
740 68 903 105 Catonis

142 187 278 217 unum,
306 177 442 212 omnia
470 186 548 211 una
575 176 817 221 permisceto
850 176 967 211 bene.
1018 176 1070 210 ita
1104 176 1264 220 insipito
1292 177 1333 214 in
1359 176 1493 211 aulam

145 240 306 266 novam.

72 282 278 328 LXXXVI]
331 282 532 319 Graneam
564 283 759 318 triticeam
792 283 848 318 sic
874 283 1006 318 facito.
1052 283 1240 318 selibram
1266 283 1381 318 tritici
1409 283 1496 328 puri

142 338 183 373 in
211 337 441 373 mortarium
469 347 612 381 purum
639 336 761 377 indat,
788 337 897 372 lavet
922 337 1029 372 bene
1050 336 1322 382 corticemque
1343 337 1497 372 deterat

107 399 124 425 5
143 393 250 427 bene
277 391 467 435 eluatque
494 391 610 425 bene.
649 392 792 434 postea
819 391 858 425 In
886 390 1020 425 aulam
1047 390 1158 425 indat
1185 392 1224 425 et
1249 400 1397 435 aquam
1423 400 1496 435 pu-

143 455 227 480 ram
254 446 462 488 cocatque.
502 443 568 478 ubi
597 445 756 478 coctum
778 443 860 484 erit,
881 444 986 479 lacte
1006 443 1128 478 addat
1148 442 1341 488 paulatim
1368 453 1497 488 usque

145 499 261 538 adeo,
290 498 422 533 donec
449 506 604 532 cremor
631 506 787 532 crassus
816 497 888 532 erit
913 497 1052 532 factus.

71 549 294 596 LXXXVII]
358 550 550 586 Amulum
601 550 658 585 sic
708 549 840 586 facito.
904 550 1106 595 siliginem
1158 552 1328 595 purgato
1380 551 1498 590 bene,

143 607 285 650 postea
318 604 357 639 in
391 604 552 639 alveum
586 602 714 644 indat,
742 613 791 639 eo
819 604 942 638 addat
974 613 1121 648 aquam
1148 603 1210 639 bis
1236 603 1276 638 in
1304 603 1380 639 die.
1432 603 1499 638 die

91 666 125 692 10
144 658 304 693 decimo
340 667 487 702 aquam
524 656 745 697 exsiccato,
783 659 978 702 exurgeto
1015 658 1132 698 bene,
1168 657 1207 691 in
1244 657 1362 692 alveo
1398 666 1497 701 puro

144 711 312 747 misceto
339 712 457 751 bene,
483 710 602 745 facito
630 713 835 754 tamquam
862 710 953 745 faex
979 710 1058 745 fiat.
1098 710 1138 745 id
1165 710 1205 744 in
1232 710 1399 745 linteum
1427 719 1498 745 no-

143 775 238 799 vum
266 764 405 804 indito,
427 763 639 808 exprimito
668 773 889 799 cremorem
918 764 957 798 in
984 764 1163 808 patinam
1188 773 1337 799 novam
1364 766 1433 798 aut
1460 763 1498 798 in

145 818 387 853 mortarium.
439 817 478 851 id
515 826 637 852 omne
673 817 726 851 ita
762 817 882 852 facito
920 820 957 852 et
994 817 1174 852 refricato
1209 817 1356 852 denuo.
1409 826 1499 852 eam

144 871 322 916 patinam
350 871 389 905 in
416 870 504 905 sole
535 870 687 914 ponito,
715 873 882 905 arescat.
933 870 1000 905 ubi
1035 871 1172 912 arebit‚
1200 870 1239 905 in
1267 870 1401 905 aulam
1428 879 1499 905 no-

92 933 126 959 15
144 935 238 959 vam
265 924 405 965 indito,
433 924 528 959 inde
554 923 673 958 facito
702 932 793 958 cum
820 924 924 958 lacte
953 926 1110 968 coquat.

74 977 311 1023 LXXXVIlI]
364 977 497 1013 Salem
526 976 743 1024 candidum
777 977 834 1012 sic
866 977 997 1012 facito.
1049 978 1286 1022 amphoram
1323 976 1500 1012 defracto

145 1032 249 1067 collo
282 1041 422 1076 puram
456 1030 608 1075 inpleto
636 1039 767 1074 aquae
800 1040 941 1075 purae,
970 1031 1011 1065 in
1038 1031 1125 1066 sole
1152 1030 1304 1076 ponito.
1355 1030 1409 1065 ibi
1435 1029 1501 1065 fis-

146 1085 288 1120 cellam
316 1094 407 1120 cum
435 1084 519 1119 sale
545 1083 728 1128 populari
757 1084 995 1128 suspendito
1024 1086 1062 1119 et
1083 1086 1274 1128 quassato
1296 1083 1502 1128 suppleto-

146 1148 224 1184 que
252 1138 485 1173 identidem.
536 1136 576 1171 id
610 1136 851 1181 aliquotiens
878 1136 918 1172 in
946 1137 1012 1172 die
1040 1138 1188 1173 cotidie
1214 1137 1345 1178 facito,
1373 1146 1502 1181 usque

95 1192 119 1227 2
145 1193 250 1227 adeo
278 1193 408 1227 donec
442 1191 499 1226 sal
527 1190 718 1225 desiverit
743 1190 953 1226 tabescere
979 1191 1160 1226 biduum.
1212 1191 1251 1225 id
1279 1190 1383 1235 signi
1413 1190 1501 1225 erit:

90 1254 122 1280 21
147 1255 307 1281 menam
341 1245 493 1280 aridam
520 1245 585 1279 vel
619 1254 743 1280 ovum
778 1245 993 1280 demittitoz
1027 1245 1059 1279 si
1087 1244 1250 1285 natabit,
1278 1253 1326 1279 ea
1354 1243 1502 1279 muries

147 1299 229 1340 erit,
261 1299 327 1333 vel
365 1307 526 1333 carnem
562 1298 627 1333 vel
665 1307 806 1334 caseos
839 1297 904 1333 vel
942 1297 1186 1333 salsamenta
1222 1307 1301 1342 quo
1337 1297 1501 1332 condas.

147 1363 237 1388 eam
258 1352 427 1387 muriam
449 1351 489 1386 in
515 1351 663 1386 labella
683 1351 748 1387 vel
775 1351 815 1386 in
837 1351 994 1396 patinas
1015 1351 1055 1386 in
1077 1350 1164 1386 sole
1184 1350 1335 1395 ponito.
1374 1359 1502 1394 usque

146 1407 251 1441 adeo
278 1406 318 1440 in
346 1405 432 1441 sole
452 1405 614 1445 habeto,
636 1405 768 1440 donec
789 1404 1049 1440 concreverit.
1090 1404 1184 1439 inde
1204 1403 1279 1439 flos
1306 1403 1401 1438 salis
1421 1403 1501 1438 fiet.

91 1467 126 1494 25
147 1459 213 1494 ubi
241 1458 486 1494 nubilabitur
513 1460 551 1493 et
577 1461 697 1493 noctu
726 1459 800 1493 sub
821 1460 927 1493 tecto
950 1457 1106 1502 ponito;
1135 1456 1293 1497 cotidie,
1322 1466 1413 1491 cum
1441 1456 1501 1491 sol

149 1513 231 1553 erit,
259 1512 299 1547 in
327 1512 413 1547 sole
440 1511 592 1556 ponito.

76 1564 332 1610 LXXXVIIII]
385 1564 565 1600 Gallinas
598 1567 637 1600 et
669 1574 832 1600 anseres
862 1564 919 1599 sic
948 1564 1098 1599 farcito.
1132 1563 1303 1608 gallinas
1329 1565 1500 1603 teneras,

147 1629 251 1664 quae
283 1619 455 1664 primum
488 1618 660 1663 parient,
694 1617 922 1653 concludat.
973 1616 1124 1662 polline
1156 1616 1221 1651 vel
1254 1615 1380 1650 farina
1412 1615 1503 1651 hor-

148 1673 289 1708 deacia
317 1681 535 1717 consparsa
560 1672 753 1706 turundas
788 1670 919 1711 faciat,
948 1680 1016 1705 eas
1049 1670 1089 1705 in
1116 1679 1262 1714 aquam
1290 1668 1501 1714 intinguat,

93 1729 187 1763 30in
225 1736 270 1762 os
305 1726 428 1766 indat,
465 1724 657 1770 paulatim
695 1724 843 1759 cotidie
880 1724 1018 1758 addat:
1056 1732 1105 1758 ex
1141 1723 1236 1768 gula
1263 1722 1503 1762 consideret,

148 1780 257 1824 quod
284 1779 380 1815 satis
408 1778 466 1814 sit.
519 1778 580 1813 bis
613 1777 653 1812 in
688 1777 753 1812 die
785 1777 922 1812 farciat
959 1779 997 1812 et
1029 1775 1197 1811 meridie
1223 1775 1362 1811 bibere
1389 1776 1502 1810 dato:

198 1936 212 1967 1
243 1937 461 1974 per-misceto
490 1937 586 1968 bene
611 1944 745 1975 apoyr.
773 1937 809 1966 et
838 1934 924 1966 Vict.
951 1935 1047 1966 bene
1075 1934 1291 1972 permisceto
1318 1932 1351 1964 V
1370 1929 1381 1972 ΙΙ
1413 1932 1434 1965 3
1461 1932 1502 1963 R.

148 1983 339 2014 LXXXXV
367 1983 547 2015 Graneam
569 1984 744 2014 triticeam
765 1983 817 2014 sic
837 1982 946 2013 facito
967 1980 978 2021 Η
997 1981 1019 2012 4
1039 1981 1179 2012 deterat
1204 1981 1301 2013 bene
1327 1980 1501 2018 eluatque

150 2032 245 2063 bene
271 2040 404 2070 apoyr.
426 2033 463 2062 et
486 2031 572 2062 Vict.
600 2030 739 2062 deterat
764 2030 937 2068 eluatque
963 2029 1060 2060 bene
1085 2029 1163 2060 Pol.
1183 2025 1235 2067 115
1262 2035 1386 2066 puram
1408 2022 1501 2067 <ad-

148 2073 238 2120 dat>
257 2078 358 2116 Keil‚·
384 2079 428 2117 cf.
449 2078 592 2109 Hauler
614 2087 652 2117 p.
669 2081 709 2108 17
726 2074 737 2116 11
757 2076 778 2108 8
799 2076 839 2108 R.
860 2075 1069 2108 LXXXXVI
1089 2074 1259 2107 Amulum
1287 2075 1340 2106 sic
1365 2074 1475 2105 facito

149 2125 206 2165 Cf.
227 2126 322 2157 Ρῐίη.
338 2128 387 2164 18,
405 2129 444 2157 76
462 2123 472 2164 ΙΙ
494 2125 537 2156 14
557 2120 724 2166 (sinito)
746 2126 886 2155 arescat
899 2123 1001 2161 Keil,·
1021 2123 1067 2162 cf.
1086 2122 1228 2155 Hauler
1239 2131 1277 2162 ρ.
1292 2125 1332 2153 17
1352 2117 1358 2160 l
1380 2121 1500 2152 aulam

150 2172 297 2210 (aullam
325 2173 405 2204 Pol.
431 2173 541 2204 ollam
568 2181 592 2203 v
618 2172 738 2203 aulam
768 2169 918 2211 αροῃν.)
950 2167 961 2210 ΙΙ
995 2170 1037 2201 16
1063 2169 1103 2202 R.
1129 2167 1353 2201 LXXXXVII
1379 2168 1499 2200 Salem

148 2220 345 2251 candidum
379 2221 432 2252 sic
464 2220 573 2251 facito
618 2216 629 2258 ΙΙ
675 2218 717 2250 18
749 2219 996 2257 suppletoque
1028 2227 1161 2257 apoyr.
1187 2216 1408 2255 supletoque
1433 2215 1466 2247 V
1500 2217 1501 2240 l

151 2267 194 2299 23
215 2267 360 2306 patinas
383 2261 636 2308 <diffundito>
651 2266 751 2303 Keil‚·
772 2266 817 2305 cf.
838 2265 980 2297 Hauler
996 2275 1033 2304 p.
1047 2269 1087 2296 17
1104 2262 1115 2303 ΙΙ
1135 2264 1178 2296 27
1200 2263 1239 2296 R.
1260 2262 1501 2295 Lxxxxvm

153 2313 318 2345 Gallinas
345 2317 380 2346 et
407 2322 556 2346 anseres
583 2315 635 2346 sic
662 2313 787 2345 farcito
