1618 2470
157 64 211 101 62
751 56 912 93 Catonis

86 162 268 209 CXLVII]
321 164 406 200 Hac
432 164 525 209 lege
551 164 689 199 vinum
718 164 902 208 pendens
935 164 1074 199 venire
1108 168 1275 210 oportet.
1315 166 1512 202 vinaceos

157 217 304 253 inlutos
332 219 370 252 et
395 217 552 253 faecem
578 217 804 262 relinquito.
844 217 958 252 locus
983 217 1088 253 vinis
1115 219 1166 253 ad
1193 218 1236 254 K.
1264 217 1406 255 Octob.
1433 220 1509 264 pri-

158 280 243 306 mas
276 271 445 306 dabitur.
495 270 527 306 si
561 280 643 306 non
676 273 769 306 ante
802 279 850 305 ea
884 271 1169 316 exportaverit,
1197 272 1385 308 dominus
1411 272 1509 308 vino

156 324 253 368 quid
279 324 390 359 volet
415 324 545 360 faciet.
597 326 730 359 cetera
757 324 834 364 lex,
862 332 967 368 quae
993 324 1110 360 oleae
1136 325 1341 370 pendenti.

85 375 282 421 CXLVIII]
335 376 482 412 Vinum
510 377 549 412 in
578 377 695 412 doliis
722 377 800 412 hoc
830 377 953 413 modo
981 377 1119 413 venire
1146 380 1314 423 oportet.
1358 379 1442 414 vini
1468 379 1509 414 in

118 438 136 464 6
157 430 311 465 culleos
339 430 522 475 singulos
549 431 837 475 quadragenae
864 433 902 465 et
929 430 1114 476 singulae
1146 441 1271 467 urnae
1297 432 1509 468 dabuntur.

155 484 264 528 quod
303 493 437 528 neque
476 485 591 519 aceat
630 492 763 528 neque
802 486 972 525 muceat‚
1012 484 1052 519 id
1085 484 1254 520 dabitur.
1305 485 1345 520 in
1377 485 1510 521 triduo

154 545 351 581 proxumo
379 536 452 572 viri
478 537 574 572 boni
607 536 795 572 arbitratu
829 537 1056 582 degustato.
1108 537 1140 573 si
1167 547 1248 573 non
1275 538 1329 573 ita
1361 538 1509 578 fecerit,

154 590 293 625 vinum
327 600 397 635 pro
433 591 647 635 degustato
682 590 764 625 erit.
815 593 913 635 quot
939 590 1026 626 dies
1058 601 1129 636 per
1162 591 1371 627 dominum
1397 602 1508 628 mora

101 650 136 677 10
154 643 288 685 fuerit,
328 653 408 688 quo
443 644 574 679 minus
607 643 745 678 vinum
779 644 983 689 degustet,
1016 644 1185 680 totidem
1219 645 1305 680 dies
1339 646 1508 690 emptori

106 697 128 730 2
154 698 385 741 procedent.
413 697 553 732 vinum
580 697 751 742 accipito
773 699 867 732 ante
888 697 931 732 K.
953 697 1031 733 Ian.
1058 698 1218 743 primas.
1246 698 1278 733 si
1306 707 1387 734 non
1415 701 1512 734 ante·

154 751 365 795 acceperit,
394 751 583 787 dominus
603 750 742 785 vinum
764 750 1015 786 admetietur.
1055 752 1163 796 quod
1184 752 1403 787 admensus
1425 752 1507 792 erit,

154 813 224 848 pro
242 814 291 840 eo
312 802 529 849 [dominus]
551 801 827 849 re[m]solvito.
855 803 887 838 si
909 806 1064 848 emptor
1078 804 1297 849 postularit,
1320 804 1509 841 dominus

154 857 215 892 ius
243 857 455 892 iurandum
483 857 593 892 dabit
619 866 759 892 verum
786 856 942 892 fecisse.
981 857 1094 893 locus
1120 857 1223 893 vinis
1251 859 1302 893 ad
1324 858 1367 894 Κ.
1389 856 1508 894 Octo-

102 917 135 944 15
154 911 246 946 bres
282 911 430 956 primas
467 910 635 946 dabitur.
687 910 719 945 si
756 912 849 945 ante
884 920 965 945 non
1002 911 1282 956 deportaverit,
1319 911 1511 948 dominus

154 963 250 999 vino
277 964 373 1009 quid
399 964 509 1000 volet
535 963 665 1000 faciet.
717 966 849 999 cetera
875 964 952 1005 lex,
980 974 1084 1009 quae
1111 965 1228 1000 oleae
1254 965 1458 1009 pendenti.

85 1015 249 1062 CXLIX]
302 1016 390 1057 Qua
416 1018 509 1063 lege
545 1018 737 1062 pabulum
774 1017 986 1053 hibernum
1013 1018 1153 1053 venire
1183 1021 1375 1063 oporteat.
1428 1028 1508 1063 qua

153 1071 310 1106 vendas
336 1069 456 1117 fini[s]
479 1070 613 1106 dicito.
648 1071 841 1116 pabulum
862 1070 935 1106 frui
956 1071 1129 1116 occipito
1151 1081 1200 1107 ex
1222 1071 1305 1107 Kal.
1326 1071 1507 1117 Septem-

153 1124 302 1160 bribus.
353 1127 466 1169 prato
505 1124 613 1160 sicco
654 1125 836 1165 decedat,
876 1123 944 1159 ubi
983 1124 1090 1169 pirus
1129 1124 1272 1160 florere
1312 1125 1506 1170 coeperit:

100 1180 267 1222 20prat0
301 1178 477 1223 inriguo,
512 1178 579 1213 ubi
612 1188 732 1223 super
770 1177 950 1222 inferque
982 1177 1139 1213 vicinus
1172 1177 1389 1223 permittet,
1421 1180 1506 1213 tum

155 1231 354 1272 decedito,
392 1231 456 1266 vel
493 1231 601 1266 diem
638 1234 787 1266 certam
824 1231 979 1276 utrique
1014 1230 1144 1266 facito.
1197 1233 1331 1267 cetero
1356 1231 1509 1276 pabulo

106 1282 128 1316 2
155 1283 240 1319 Kal.
268 1284 418 1319 Martiis
459 1282 716 1329 <de>cedito.
768 1285 900 1320 bubus
939 1284 1101 1320 domitis
1139 1284 1261 1326 binis,
1301 1284 1507 1320 cantherio

154 1335 280 1382 u[i]ni,
302 1347 393 1373 cum
422 1339 577 1382 emptor
602 1340 751 1382 pascet,
773 1337 939 1373 domino
966 1347 1133 1382 pascere
1159 1337 1356 1382 recipitur.
1396 1337 1507 1373 hole-

154 1391 216 1432 ris,
244 1390 461 1436 asparagis,
488 1390 620 1436 lignis,
642 1400 758 1436 aqua,
779 1391 931 1432 itinere,
952 1393 1042 1426 actu
1071 1390 1224 1427 domini
1251 1390 1382 1426 usioni
1409 1391 1508 1426 reci-

100 1447 136 1474 25
155 1444 269 1488 pitur.
321 1443 453 1489 siquid
482 1447 638 1489 emptor
664 1446 731 1479 aut
757 1446 938 1489 pastores
965 1446 1033 1479 aut
1067 1453 1192 1488 pecus
1219 1443 1408 1489 emptoris
1435 1444 1507 1479 do-

156 1497 265 1533 mino
288 1497 424 1532 damni
445 1497 611 1538 dederit,
630 1496 759 1541 v(iri>
775 1496 871 1532 boni
892 1495 1139 1541 a<rbitratu>
1161 1497 1345 1532 resolvat.
1373 1497 1507 1542 siquid

155 1550 343 1586 dominus
371 1552 438 1585 aut
464 1550 614 1585 familia
640 1553 708 1585 aut
734 1560 859 1595 pecus
887 1550 1055 1595 emptori
1083 1549 1219 1585 damni
1246 1550 1412 1592 dederit,
1432 1550 1506 1585 viri

155 1603 251 1639 boni
279 1603 466 1639 arbitratu
488 1604 720 1639 resolvetur.
749 1603 939 1640 donicum
959 1603 1174 1648 pecuniam
1198 1602 1389 1648 <solverit
1408 1604 1503 1646 aut>

155 1656 391 1692 satisfecerit
423 1659 491 1692 aut
524 1656 737 1702 delegarit,
764 1666 888 1702 pecus
922 1659 960 1692 et
990 1656 1157 1697 familia,
1185 1666 1289 1701 quae
1315 1656 1395 1692 illic
1422 1656 1507 1697 erit,

204 1828 219 1859 1
256 1826 295 1858 R.
324 1826 429 1859 CLVI
460 1827 535 1860 Lex
567 1828 644 1859 uini
678 1825 780 1865 (uino
809 1827 872 1859 Ab
905 1828 980 1858 uini
1008 1826 1039 1858 V
1065 1829 1101 1858 et
1132 1826 1233 1865 Vlct.)
1268 1827 1462 1865 pendentis
1493 1824 1506 1867 ΙΙ

154 1875 175 1907 3
204 1869 275 1916 [ea]
297 1875 541 1913 exportaverit
561 1875 651 1907 Keil.
679 1883 722 1906 ea
743 1875 992 1913 exportaueris
1012 1872 1073 1913 (cf.
1096 1883 1128 1905 υ.
1151 1871 1205 1913 15)
1225 1871 1237 1913 ΙΙ
1255 1874 1277 1906 4
1298 1874 1385 1912 quid
1405 1874 1506 1906 uolet

153 1920 271 1961 (quod
298 1922 398 1954 uolet
423 1921 455 1954 V
482 1922 569 1961 quid
601 1922 701 1953 uolet
734 1931 866 1961 apoyr.
894 1924 931 1953 et
960 1920 1062 1960 vict.)
1106 1919 1117 1960 ΙΙ
1160 1921 1180 1952 5
1208 1920 1247 1953 R.
1276 1920 1396 1952 CLVII
1429 1920 1504 1953 Lex

154 1970 242 2001 uino
270 1970 306 2001 in
333 1970 441 2001 doliis
462 1967 472 2008 ΙΙ
492 1969 513 2001 9
540 1970 640 2008 quod
666 1970 745 2001 dies
765 1966 776 2008 ΙΙ
799 1969 840 2001 13
868 1969 1049 2005 dominus,
1078 1977 1142 2007 pro
1170 1977 1215 2001 eo
1241 1968 1332 2000 Keil.
1367 1976 1430 2007 pro
1457 1976 1503 1999 eo

155 2017 306 2048 domino
333 2016 442 2048 Pont.
470 2014 656 2054 (dominus
683 2017 752 2048 del.
779 2014 997 2055 Mommsen)
1039 2013 1043 2055 Ι
1084 2016 1255 2048 resolvito
1282 2024 1305 2046 ν
1331 2023 1403 2047 rem
1430 2015 1503 2062 soi·

154 2064 228 2095 vIto
260 2060 271 2103 ΙΙ
311 2063 353 2095 17
381 2063 420 2096 R.
449 2063 585 2096 CLVIII
611 2064 684 2096 Lex
718 2064 854 2102 pabulo
892 2060 903 2102 ΙΙ
943 2062 984 2094 18
1011 2064 1081 2095 del.
1112 2063 1221 2095 Turn.
1247 2063 1337 2094 Ado.
1359 2065 1407 2100 10,
1430 2066 1468 2094 18
1494 2059 1504 2101 ’ἦ

159 2110 201 2142 19
228 2112 325 2150 pirus
351 2110 433 2143 ch
460 2112 557 2150 prius
584 2111 648 2143 Ab
698 2108 709 2151 ΙΙ
752 2110 797 2142 20
830 2111 1010 2149 permittet
1037 2119 1059 2141 ν
1087 2111 1270 2149 promittet
1302 2108 1504 2145 (submittet

155 2157 374 2197 Mommsen)
415 2156 426 2198 ΙΙ
469 2158 513 2190 22
541 2160 628 2190 add.
656 2168 678 2189 ν
725 2155 730 2197 Ι
777 2159 872 2190 binis
898 2167 932 2189 m
965 2158 1071 2190 bimis
1118 2156 1122 2197 Ι
1168 2158 1328 2190 canterio
1355 2157 1417 2188 uni
1444 2165 1467 2188 ν
1491 2152 1504 2197 ΙΙ

156 2205 201 2237 26
227 2206 291 2237 viri
319 2206 406 2237 boni
442 2206 611 2237 arbitratu
649 2206 805 2237 resolvat
842 2205 922 2237 Keil
960 2206 1050 2236 duce
1075 2205 1148 2237 Ιιιο.
1183 2205 1358 2236 boniuare
1385 2204 1504 2236 soluat

156 2250 217 2290 (=
232 2253 321 2285 boni
358 2254 424 2285 viri
462 2254 631 2284 arbitratu
670 2249 844 2293 resoluat)
888 2249 898 2290 ΙΙ
942 2251 986 2283 28
1013 2253 1101 2284 adsi.
1125 2252 1288 2291 Rudorfs
1315 2251 1392 2283 lnd.
1420 2252 1507 2282 lect-

156 2300 276 2332 Berol.
303 2301 433 2332 aestio.
460 2310 494 2332 α.
518 2304 598 2331 1846
